1701 2990
276 291 282 301 Ι
319 242 395 298 94
511 241 590 282 DE
629 241 882 282 MANNA
917 240 1343 283 EBRAEORVM.

322 353 504 417 fugiri»
547 358 600 403 de
634 369 802 402 mamm
824 358 1063 421 quidquam
1087 374 1360 423 compertum
1377 357 1534 407 habue-

322 434 421 487 rint,
461 449 539 478 nec
572 450 639 487 ne,
673 433 1003 496 anquirendum.
1081 437 1293 493 Quamuis
1316 437 1433 481 enim
1451 437 1535 499 pri-

321 506 388 553 sca
421 524 532 554 aetas
562 509 678 566 huie,
716 526 802 573 qua
830 526 908 555 nos
940 512 1115 565 vtimur.,
1147 528 1422 575 nequaquam
1449 510 1535 574 pal-

319 600 441 629 mam
462 585 713 630 eruditionis
734 588 988 649 praeripiat;
1027 602 1172 633 tamen
1193 605 1291 634 cum
1314 587 1366 632 de
1386 603 1538 634 rerum

321 658 526 707 vetustate
558 663 801 724 quaeritur,
841 661 1023 717 vetusta,
1065 664 1149 709 hoc
1178 662 1256 721 est,
1298 666 1464 712 Graeca
1496 677 1537 708 et

319 739 471 783 Latina
493 754 778 784 monumenta
807 736 903 784 sunt
940 742 984 784 in
1027 738 1248 786 consilium
1282 738 1536 786 adhibenda.

318 813 490 871 Quibus
512 815 760 870 tacentibus,
793 817 943 875 exigua
973 815 1261 880 respondendi
1288 815 1378 880 spes
1410 816 1537 862 relin-

319 892 480 953 quitur.
566 896 712 954 Atque
743 893 787 935 in
818 894 898 937 hac
927 892 979 937 de
1011 909 1170 937 manna
1199 891 1444 956 quaestione
1474 893 1536 937 in-

317 968 471 1030 primis
493 966 722 1027 diligenter
754 967 1132 1032 circumspicienda
1161 967 1258 1015 sunt
1287 967 1362 1014 ista
1379 984 1420 1015 et
1440 985 1535 1032 per-

318 1043 541 1107 quirenda,
564 1061 664 1090 cum
674 1042 944 1091 Ebraeorum
966 1058 1151 1104 manna,
1172 1044 1202 1091 fi
1221 1048 1392 1110 penitus
1415 1046 1535 1091 latuit

320 1120 511 1166 Graecos
536 1138 581 1165 ac
604 1123 790 1178 Latinos,
822 1123 867 1166 in
897 1120 1125 1168 discrimen
1154 1122 1398 1168 adducatur.
1476 1125 1536 1166 Vt
1593 1166 1604 1173 x

276 1200 280 1206 '
317 1209 494 1251 taceam,
516 1197 634 1262 quod
656 1214 853 1243 exortum
875 1196 933 1243 est
953 1197 1260 1244 sententiarum
1285 1198 1534 1254 diuortium,

317 1289 408 1335 quo
451 1272 615 1337 saepius
658 1289 787 1337 atque
817 1272 988 1320 vberius
1030 1277 1075 1333 ix}
1109 1290 1336 1338 Vtramque
1365 1289 1535 1337 partem
1590 1270 1593 1272 ’

315 1345 402 1395 fuit
431 1348 706 1413 disputatum,
751 1367 802 1395 eo
841 1351 937 1414 plus
979 1351 1032 1396 ad
1061 1351 1272 1397 iudicium
1299 1350 1536 1414 impedien-

320 1425 440 1482 dum,
481 1444 614 1490 quam
644 1426 960 1490 expediendum
989 1425 1171 1473 valuisse.
1245 1427 1460 1491 Equidem
1490 1428 1535 1472 in

318 1503 403 1548 hoc
425 1520 586 1564 genere
604 1505 660 1548 ita
682 1503 891 1559 versabor,
932 1519 988 1558 vt,
1013 1502 1254 1549 discrimine
1276 1507 1386 1548 inter
1408 1516 1535 1550 man-
1576 1513 1584 1517 ”

317 1592 425 1625 nam
458 1578 593 1644 ipsam
615 1581 794 1644 eiusque
821 1583 866 1626 in
886 1581 1099 1626 medicina
1122 1578 1242 1626 vsum
1266 1596 1361 1626 ante
1385 1577 1535 1626 consti·

317 1671 423 1711 nito,
471 1658 586 1702 varia
628 1658 717 1701 eius
747 1674 906 1718 genera
936 1659 980 1702 in
1013 1657 1208 1703 medium
1240 1655 1441 1712 afferam,
1479 1655 1534 1704 de

315 1733 475 1796 quibus
498 1732 738 1796 quidquam
758 1736 870 1780 inter
895 1749 1056 1780 veteres
1081 1732 1300 1779 constitisse
1330 1731 1531 1791 existimo,

314 1807 552 1855 subiunffls
589 1807 672 1854 suis
712 1815 868 1874 cuique
906 1809 1172 1856 testimoniis.
1251 1813 1314 1856 Ita
1355 1809 1534 1872 quidem

313 1887 481 1950 optime
521 1888 856 1934 SALMASII
891 1878 941 1947 f)
984 1884 1202 1932 indORam
1233 1886 1532 1944 eruditionem,

315 1979 389 2009 aut
409 1961 438 2009 fi
457 1965 594 2024 magis
616 1962 767 2027 placet,
797 1960 1095 2010 confusionem
1122 1962 1305 2010 euitabo.

863 2134 871 2142 .
915 2100 954 2143 V
955 2100 1007 2143 Π.

611 2165 718 2220 Mel
749 2090 957 2220 vetjrum
994 2185 1046 2218 ro
1068 2162 1234 2220 vidum.

462 2263 570 2317 Mel
601 2263 823 2335 rcfiidum
863 2290 885 2317 a
923 2284 1091 2318 manna
1122 2271 1312 2316 multum
1344 2266 1530 2329 differre,

315 2346 442 2412 supra
472 2351 637 2394 monui.
727 2353 785 2393 At
813 2364 989 2403 veteres,
1030 2364 1138 2412 quos
1182 2347 1265 2392 hoc
1304 2344 1531 2393 discrimen

317 2423 448 2482 latuit,
459 2441 546 2471 vno
567 2440 799 2490 Vtrumque
820 2425 1037 2489 liquorem
1059 2425 1234 2471 nomine
1252 2417 1396 2470 mellis
1416 2440 1533 2470 com-

1419 2501 1531 2565 plexi

356 2615 416 2667 f)
447 2615 539 2656 vid.
565 2616 652 2657 eius
682 2617 744 2655 De
766 2616 903 2658 Manna
925 2614 1224 2655 Exercitationem
1249 2618 1290 2657 in
1316 2615 1528 2656 Exercitatr.

445 2673 598 2715 Plinian.
626 2678 667 2714 et
686 2673 730 2714 in
753 2676 906 2714 Homou.
925 2673 1016 2723 Hyl.
1041 2673 1163 2712 Iam'c.
