1701 2990
452 269 531 310 ΒΕ
567 267 1178 308 ΜΛΝΝΛ.ΛΗΑΒΙΟΑ.
1317 266 1450 323 135

197 385 281 432 Sed
301 402 349 432 ea
369 381 453 431 fuit
473 403 496 431 a
520 384 912 449 peregrinatoribus
938 382 992 431 fic
1024 381 1230 446 neglegia,
1270 396 1315 430 vt
1345 399 1420 429 aut

138 495 142 500 «
197 463 318 517 nihil,
361 478 434 508 aut
464 464 606 507 minus
630 478 755 517 certe,
795 479 926 525 quam
947 459 1012 507 fas
1036 459 1144 516 effer,
1185 463 1325 506 immo
1356 461 1420 504 in-

196 538 368 584 terdum
390 541 626 602 pugnantia
657 539 710 584 de
743 556 793 584 ea
821 538 1049 585 traderent.
1134 540 1210 583 Ex
1240 548 1422 585 concre-

194 620 369 670 tarum,
392 631 480 659 non
501 606 792 683 liquidarum
812 632 969 675 genere
991 612 1081 669 effe,
1101 630 1190 660 non
1209 611 1350 659 solum
1374 630 1424 659 ex

195 692 412 736 notatione
443 693 643 748 nominis,
685 693 805 737 cuius
831 694 900 737 vis
933 709 979 737 ac
1015 689 1198 755 potestas
1232 692 1423 736 cernitur

194 768 241 811 in
287 779 391 812 ucco
421 760 666 825 exsiccato,
705 766 776 813 sed
808 785 855 812 ex
886 766 1282 831 peregrinatoribus
1315 782 1423 830 quo-

195 860 294 906 que,
318 860 508 906 quorum
529 844 672 888 nullus
694 845 738 888 iu
763 835 1050 911 liquidarum
1073 842 1302 904 generibus
1324 859 1424 907 eam

196 921 456 974 numerium,
501 921 606 965 mihi
631 920 805 982 quidem
829 919 1077 983 persuasum]
1101 918 1170 969 est,
1258 918 1341 965 Sed
1363 917 1422 974 id,

195 996 318 1058 quod
341 998 430 1042 eius
452 995 682 1041 obstin-nm
716 1012 756 1041 et
785 999 996 1042 incertum
1035 997 1143 1051 dico,
1187 997 1312 1055 origo
1348 993 1421 1050 est,

193 1071 361 1117 indoles
392 1089 438 1117 ae
466 1088 629 1118 natura
743 1067 954 1117 KARA
970 1071 1026 1118 SI
1042 1071 1122 1118 VS
1159 1084 1308 1119 rorem
1339 1068 1421 1117 effe

194 1149 264 1203 ait,
293 1145 416 1193 solito
445 1165 592 1193 errore
614 1162 853 1194 contentus.
923 1146 956 1193 F
971 1143 1017 1193 O
1034 1144 1420 1193 THERGIL-

196 1221 365 1271 LlVS
405 1223 599 1269 dubitare
626 1223 811 1279 videtur,
844 1241 897 1270 an
930 1223 1172 1269 hodienum
1202 1225 1247 1268 in
1268 1240 1420 1269 rerum

197 1315 351 1345 natura
374 1298 512 1346 exstet.
587 1304 705 1346 Leue
738 1299 934 1355 dubium,
963 1300 1082 1363 quod
1106 1317 1215 1345 vnus
1248 1314 1420 1363 poterat

198 1374 365 1422 soluere
415 1371 766 1423 GARCIAS
821 1372 920 1422 ΑΒ
970 1371 1283 1433 HORTO,
1342 1377 1421 1439 qui

196 1453 312 1517 apud
332 1452 462 1498 Indos
484 1454 666 1517 reperiri
688 1451 844 1515 scripsit
858 1445 1249 1511 strachostatmsed
1271 1449 1420 1498 omiffa

195 1531 290 1575 eius
313 1528 606 1594 descriptione,
638 1528 712 1575 nisi
744 1529 863 1592 quod
891 1528 1056 1576 vtribus
1082 1527 1326 1575 conseruari
1349 1530 1421 1583 ait,

196 1604 348 1669 sapore
368 1602 459 1651 faui
482 1606 633 1659 mellis,
655 1608 832 1651 nomine
855 1604 907 1652 ab
931 1604 1096 1660 arbore,
1127 1597 1283 1668 Qtest‚
1304 1603 1420 1651 vnde

194 1682 374 1743 legatur,
397 1679 541 1728 dusto.
615 1682 698 1728 Sed
716 1684 912 1746 primum
933 1684 1062 1728 etiam
1081 1681 1136 1727 de
1152 1671 1420 1749 terengclbi-

197 1769 261 1804 na
281 1758 412 1803 valet:
461 1756 732 1822 postremum
764 1775 867 1804 vero
902 1758 1012 1804 mihi
1041 1757 1218 1821 quidem
1248 1756 1418 1802 videtur

197 1831 473 1882 falfiffimum.
587 1833 817 1892 Arborern,
855 1826 1014 1896 ,Qtest‚
1064 1830 1112 1879 G
1126 1829 1173 1880 A
1186 1832 1228 1880 R
1240 1830 1311 1881 CI
1327 1833 1368 1879 A
1379 1831 1419 1878 E

197 1926 500 1957 commentum
521 1909 718 1966 arbitror,
759 1929 807 1957 ex
831 1912 968 1956 nimio
999 1908 1152 1965 studio,
1191 1911 1418 1974 propriam

200 1989 390 2034 nominis
420 1989 510 2032 vim
541 1986 787 2052 explicandi,
829 2004 882 2033 ne
906 1986 1010 2052 quid
1030 1989 1231 2047 ignorare
1253 1985 1418 2033 videre·

200 2078 286 2119 tur,
331 2078 519 2109 enatum.
641 2062 685 2110 G
698 2062 738 2110 A
750 2061 791 2110 R
805 2058 876 2111 CI
891 2065 929 2109 A
945 2061 982 2108 E
1029 2061 1267 2109 aufi‘coritati
1304 2078 1420 2109 certe

199 2155 369 2186 tantum
391 2156 479 2185 non
499 2139 656 2195 tribuo,
695 2154 741 2186 vt
769 2157 817 2185 ea
843 2154 1099 2194 commotus,
1135 2138 1337 2185 arborem
1357 2139 1418 2184 vl-

199 2217 300 2271 lam,
339 2216 452 2263 vnde
473 2232 629 2271 manet,
667 2218 857 2271 nomine,
895 2207 1054 2278 Qlfst‚
1086 2233 1165 2280 per
1181 2214 1321 2261 Asiam
1345 2233 1417 2260 na·

201 2291 261 2338 sci
280 2293 465 2350 credam,
486 2287 1419 2349 BAVHINOlicet,1ONSTONO‚

205 2364 551 2426 BODAEO,
585 2367 766 2414 fideliter
796 2387 845 2415 ex
885 2363 1195 2417 GARCIA
1225 2368 1416 2414 relatam.

203 2443 254 2491 H
267 2444 303 2490 E
314 2443 355 2491 R
366 2443 402 2491 R
414 2443 452 2490 E
463 2444 504 2491 L
516 2441 565 2492 O
578 2444 627 2491 T
642 2444 681 2489 V
693 2444 723 2492 S
746 2437 1044 2506 strachostczm
1072 2461 1155 2509 pro
1174 2436 1418 2491 calamina

204 2520 378 2577 habuit,
419 2521 570 2586 putido
605 2539 751 2569 errore
783 2540 832 2568 ae
871 2522 1130 2569 documento
1164 2518 1420 2585 planissimo,

206 2614 297 2644 non
325 2616 374 2646 ex
411 2596 587 2646 auiiore
620 2599 810 2663 quodam
839 2597 1023 2645 Arabico
1065 2613 1139 2645 aut
1161 2595 1337 2654 Perfice,
1377 2612 1424 2642 vt

851 2679 870 2722 Ι
900 2689 928 2731 4
1329 2674 1425 2739 plu-
