1701 2990
407 277 486 317 DE
523 274 774 315 MANNA
808 273 1240 315 EBRAEORVM.
1349 277 1418 334 91

200 391 473 448 incredibilis,
504 391 579 437 nisi
609 389 841 437 certissimis
867 407 1045 437 naturae
1068 389 1339 437 curiosorum
1360 409 1426 439 ex·

198 471 451 534 perimentis
473 468 762 531 comprobata.
839 471 949 513 Eam
970 469 1166 531 primum
1197 468 1249 514 ab
1278 467 1426 514 acutis·

198 545 305 592 fimo
335 547 766 591 REAVMVRIO
811 543 1153 590 animaduersam
1192 559 1234 590 et
1274 545 1424 591 litteris

200 622 418 687 proditam
428 620 483 681 ¹⁴),
497 619 689 665 constans
712 617 829 666 fama
843 619 1099 684 percrebuit.
1133 621 1211 666 Sed
1236 637 1336 676 non,
1350 620 1426 667 nifi

202 698 255 744 ab
278 699 368 743 aliis
393 712 622 759 acceptam,
655 713 797 759 neque
826 714 850 740 a
878 694 918 741 se
948 695 1037 760 ipso
1060 699 1283 743 inuentam
1307 698 1427 744 euul-

203 777 322 836 gauit
355 771 607 818 sententiam
637 775 1135 829 REAVMVRIVS;
1175 789 1319 819 tamen
1337 788 1427 819 ant-

201 868 250 896 ea
271 848 424 895 ssmiles
462 850 688 913 opiniones
719 844 989 906 circumferri
1021 846 1211 912 coepiffe,
1245 867 1350 913 quas
1374 849 1428 896 ad

201 927 342 972 mellis
364 941 697 989 rorenrpoterat
726 922 850 972 facile
881 921 1126 981 transferre,
1160 940 1327 971 certum
1357 924 1428 972 est.

202 1006 327 1048 Nam
372 1004 1009 1048 CHRISTOPHORVM
1041 1005 1081 1047 A
1112 1004 1307 1049 VEGA
1344 1000 1430 1049 fre-

201 1096 341 1143 quens
373 1080 482 1125 circa
511 1075 700 1124 fraxinos
734 1076 1008 1123 calabrenses
1047 1076 1293 1124 muscarum
1330 1095 1430 1125 con-

203 1153 350 1202 cursus
385 1156 429 1199 in
472 1170 567 1199 eam
607 1155 860 1217 opinionem
891 1155 1172 1209 inuitauerat,
1221 1170 1267 1200 vt
1293 1154 1432 1219 ipsam

204 1244 419 1277 mannam
456 1247 607 1276 earum
635 1230 702 1275 vel
735 1240 1091 1286 excrementum,
1125 1230 1193 1275 vel
1212 1230 1434 1278 vomitum

207 1305 299 1364 effe,
333 1324 601 1372 quamquam
623 1303 743 1362 false,
786 1306 1033 1353 decerneret
1057 1308 1109 1365 x).
1185 1310 1281 1352 Pari
1300 1310 1433 1355 modo

206 1387 252 1430 in
272 1383 419 1430 insulis
445 1374 798 1440 Molltccelzsibtts
821 1382 990 1429 muscae
1021 1380 1216 1430 formicis
1240 1387 1433 1431 minores

205 1454 297 1508 mel
325 1476 479 1525 parare
511 1456 711 1505 feruntur
743 1457 801 1520 7).
894 1461 977 1506 Sed
1024 1462 1435 1508 REAVMVRII

208 1536 463 1590 obseruatio,
494 1535 700 1600 quicquid
730 1533 801 1591 est,
839 1534 892 1581 ab
926 1537 1016 1582 aliis
1048 1534 1193 1600 postea
1228 1535 1313 1583 fuit
1344 1554 1436 1584 non

208 1631 311 1661 vera
332 1612 473 1659 solum
494 1628 675 1677 reperta,
708 1610 780 1657 sed
811 1629 899 1676 quo
923 1614 1060 1674 magis
1084 1612 1347 1660 dubitatione
1372 1632 1439 1660 ca-

208 1705 334 1746 reret,
366 1688 536 1735 vberius
566 1691 694 1734 etiam
729 1687 982 1735 confirmata
1016 1692 1229 1753 nouisque
1250 1692 1438 1737 inuentis

209 1765 345 1814 augia.
421 1768 472 1810 Iu
506 1781 697 1828 quorum
722 1776 908 1810 numero
930 1763 988 1810 est
1008 1757 1344 1827 diligenriffiinus
1365 1785 1439 1832 pa-

212 1846 316 1892 riter
338 1859 385 1889 ac
407 1840 713 1889 celeberrimus
742 1843 1076 1889 IOANNES
1114 1846 1439 1900 LECHIVS,

1339 1938 1441 1985 PFO-

218 2070 221 2077 .
270 2036 314 2086 u)
343 2034 392 2074 In
411 2034 582 2072 Memoir.
592 2032 664 2084 fin·
681 2033 731 2072 les
754 2032 874 2085 Iuste&
898 2032 950 2074 T.
963 2032 1040 2075 III.
1071 2047 1109 2089 p.
1134 2049 1201 2085 44.

266 2096 314 2143 x)
342 2090 435 2132 Vid.
466 2102 534 2129 10.
566 2102 967 2131 CHRYSOSTOMI
997 2102 1288 2141 MAGNEN1‚
1328 2088 1442 2131 Tici-

345 2144 474 2187 nenfis
497 2145 595 2185 olim
622 2146 768 2185 medici
795 2159 840 2186 ac
869 2145 1115 2200 pmfefforis,
1145 2147 1369 2186 Exercitatio
1398 2148 1442 2186 de

348 2204 505 2252 Mamm,
539 2204 609 2251 165
623 2211 656 2246 8.
683 2213 721 2253 p.
737 2216 802 2249 32·

262 2261 318 2311 y)
347 2258 439 2301 vid.
477 2258 627 2311 Viaggio
664 2259 699 2296 di
731 2257 786 2297 M.
827 2270 1085 2299 ΑΝΤοΝῙο
1112 2270 1445 2300 PIGAFETTA

346 2325 469 2354 atorno
489 2314 517 2351 il
535 2313 659 2351 mondo
688 2326 726 2365 p.
753 2316 844 2362 368.
903 2314 979 2365 „ln
1005 2322 1112 2355 tutte
1138 2316 1152 2355 i
1178 2314 1274 2355 isole
1292 2313 1446 2354 Moluc-

346 2370 448 2423 „ehe
477 2367 506 2408 fi
525 2375 640 2408 trova
660 2369 776 2417 mele,
818 2370 849 2409 il
882 2370 998 2423 quale
1035 2371 1158 2411 fanno
1189 2371 1331 2410 alcune
1363 2384 1448 2409 rno-

349 2425 526 2477 „schette
551 2426 710 2477 minori,
732 2438 810 2479 que
840 2427 880 2465 le
909 2426 1107 2469 formiche
1135 2435 1176 2468 et
1208 2427 1251 2466 lo
1270 2438 1399 2465 vanno
1423 2424 1448 2465 εὶ

348 2482 433 2521 fare
459 2480 571 2534 negli
599 2482 740 2521 arbori.
755 2511 780 2532 ‚,
856 2481 1033 2522 Pertinet
1064 2483 1139 2524 huc
1165 2495 1327 2537 quoque
1360 2482 1449 2521 illu-

347 2536 433 2576 stris
458 2538 563 2590 apud
590 2550 930 2578 STAPELIVM
964 2539 1006 2578 in
1035 2550 1450 2580 THEOPHRASTI

353 2593 488 2642 Histor.
513 2594 674 2631 Plantar.
700 2592 745 2632 L.
761 2592 838 2633 ΠΙ.
869 2606 950 2644 e.9.
976 2607 1016 2647 p.
1040 2611 1129 2647 151.
1161 2596 1290 2640 locus,
1330 2606 1451 2646 quem

352 2661 370 2688 1
387 2662 412 2686 o
428 2662 453 2687 N
468 2662 486 2687 s
500 2663 526 2688 'r
540 2662 563 2687 o
576 2663 604 2688 N
619 2662 642 2689 v
654 2661 672 2688 s
718 2649 760 2688 in
804 2651 939 2699 Histor.
981 2652 1142 2690 Plantar.
1187 2664 1225 2704 p.
1265 2664 1280 2689 1
1294 2665 1307 2688 2
1321 2660 1354 2695 8.
1401 2651 1453 2689 de

349 2703 497 2746 Manna
515 2705 730 2760 Apennina
747 2704 1057 2761 intelligendum
1073 2707 1247 2763 putauit.
