1701 2990
289 233 362 288 88
485 242 564 282 DE
599 244 854 285 MANNA
890 241 1323 288 EBRAEORVM.

290 373 462 421 reperta
492 360 681 424 indeque
712 360 767 407 ad
805 361 988 407 aliarum
1018 365 1215 422 gentium
1238 364 1435 410 notitiam
1456 379 1516 411 at·

291 450 378 497 que
399 433 522 480 vsum
541 438 753 492 translata,
793 436 864 483 sed
892 435 1041 501 sponte
1071 438 1199 502 ipsius
1224 441 1375 485 edatur
1396 455 1516 487 natu-

291 527 364 555 rae
387 509 572 574 opificio,
611 516 775 578 quippe
794 513 1011 559 Arabibus
1042 514 1286 574 domestica,
1318 516 1437 562 haud
1460 514 1520 563 est

292 601 397 631 vero
417 585 563 634 simile.
644 593 728 636 His
750 606 897 636 autem
915 602 1085 636 mamm
1113 590 1196 638 fuit
1223 605 1254 638 a
1279 584 1518 661 largiendo

227 706 230 709 ,
293 660 418 717 dista,
437 663 554 727 quasi
572 669 859 731 praecipuum
880 665 926 712 fit
945 666 1129 714 liberalis
1152 669 1319 714 donum
1340 684 1519 714 naturae

292 754 340 783 ac
367 738 638 789 beneficium.
715 743 843 789 Vnde
875 744 1142 804 intelligitur,
1176 744 1380 799 Ebraeos,
1408 761 1520 790 cam·

290 817 359 879 pis
390 834 548 863 manna
579 817 824 883 superfufis,
865 837 1015 884 quum,
1057 838 1104 866 ea
1139 820 1376 885 conspePta,
1412 819 1518 868 fitne

290 908 393 939 vere
415 905 597 951 mamm,
636 913 714 942 nec
737 915 804 950 ne,
826 895 878 958 m)
916 895 1222 959 quaefiuissent,
1245 915 1406 943 nomen
1427 901 1521 961 qui·

291 967 393 1014 dem
439 985 563 1017 antea
609 975 833 1033 cognitum
875 970 1078 1027 habuistis,
1121 991 1217 1019 rem
1259 991 1348 1019 non
1392 976 1519 1019 item:

293 1061 427 1108 quam
461 1062 554 1093 tum
587 1051 797 1113 primum,
835 1047 1085 1113 praesertim
1117 1049 1332 1097 vberrime
1363 1047 1518 1104 fusam,

291 1123 428 1168 oculis
451 1123 715 1189 vsurparent,
748 1141 790 1172 et
821 1141 1028 1189 tanquam
1050 1125 1275 1182 insolitam,
1309 1143 1451 1191 atque,
1475 1141 1520 1171 vt

293 1214 395 1254 erat,
429 1199 705 1247 certiffimum
739 1220 866 1248 curae
889 1203 1060 1248 diuinae
1082 1203 1295 1249 indicium
1322 1219 1368 1249 ac
1391 1202 1520 1248 docu-

293 1291 508 1332 mentum,
541 1279 873 1324 admirarentur.

839 1379 872 1435 ς.
909 1379 982 1421 111.

593 1446 775 1497 Mamm
806 1443 937 1498 hodie
968 1443 1221 1521 vulgatior.

441 1528 668 1590 Frequens
698 1544 844 1574 autem
874 1547 920 1575 ac
952 1527 1116 1594 saepius
1149 1530 1327 1594 repetita
1363 1527 1422 1576 est
1445 1546 1519 1575 no-

297 1599 380 1648 stra
412 1618 546 1649 aetate
581 1607 625 1649 in
658 1603 822 1669 scriptis
853 1605 1125 1652 medicorum
1158 1622 1199 1651 et
1217 1605 1518 1652 botanicorum

295 1691 493 1725 mannae
514 1683 695 1726 mentio:
717 1697 760 1727 vt
786 1700 895 1745 quae
919 1681 971 1727 ab
992 1683 1059 1728 his
1084 1681 1251 1747 copiose
1274 1700 1320 1727 ac
1342 1682 1520 1742 diligen-

298 1768 363 1801 ter
385 1757 429 1801 in
450 1774 546 1802 eam
569 1775 663 1804 rem
686 1756 892 1823 disputata
916 1757 1005 1816 fint,
1047 1759 1118 1804 hie
1149 1760 1217 1805 vel
1248 1759 1403 1805 leuiter
1430 1761 1521 1804 atti·

298 1829 399 1892 giffe
420 1830 608 1879 sufficiat.
683 1834 756 1880 Est
794 1831 1047 1897 illis—lizccus
1071 1844 1321 1891 concretus,
1343 1824 1520 1896 adfizc-

300 1901 434 1954 chari
456 1925 528 1955 aut
548 1903 692 1957 mellis
712 1909 938 1959 rationem
948 1907 1116 1978 fizpore
1139 1901 1368 1968 accedens,
1389 1901 1522 1958 odore

300 1977 393 2031 leni
411 1999 467 2032 ac
488 1978 643 2045 debili,
663 1979 878 2034 admixta
899 2000 1024 2058 aqua
1047 1980 1310 2057 liquescens.
1379 1990 1521 2034 Variis

300 2059 501 2110 funditur
522 2063 748 2112 arboribus
769 2083 814 2111 ac
840 2066 1008 2130 plantis,
1044 2063 1116 2111 sed
1151 2065 1258 2111 aliae
1288 2063 1386 2110 sunt
1428 2065 1520 2110 aliis

1439 2142 1523 2187 hoc

334 2262 337 2266 Α
357 2237 410 2284 m)
432 2230 493 2271 Ita
514 2232 622 2272 enim
643 2232 742 2272 illud
772 2233 866 2272 [Man
885 2231 930 2270 lm
960 2231 1086 2272 Exod.
1106 2230 1217 2272 XVI.
1245 2246 1303 2281 15-
1353 2241 1523 2270 conuer-

433 2290 598 2328 tendum
621 2299 738 2341 puto:
763 2290 938 2328 Mannane
957 2290 1034 2336 qli?
1090 2287 1410 2340 Adiicitquidem
1434 2301 1522 2326 Μο-

433 2357 495 2384 SE
509 2358 537 2391 s,
574 2344 764 2395 Ebraeos,
801 2345 895 2398 quid
927 2343 1034 2393 esser,
1067 2342 1284 2396 ignorass‘e:
1324 2343 1430 2394 quod
1456 2355 1523 2382 ne—

434 2412 631 2453 quaquam
648 2410 853 2454 repugnat.
910 2400 1011 2439 Nam
1034 2402 1298 2453 interrogare,
1309 2397 1387 2437 effe
1409 2400 1523 2451 igno·

432 2459 570 2507 rantis,
590 2471 708 2510 quem
729 2456 866 2510 fugit?
915 2456 1032 2497 Vnde
1055 2457 1199 2495 merito
1223 2469 1256 2494 M
1270 2468 1364 2494 osE
1378 2466 1398 2494 s
1423 2455 1526 2494 Deu-

432 2520 561 2551 teron.
589 2513 696 2554 Vlll.
723 2529 756 2560 3.
809 2528 980 2561 nmnnam,
1011 2513 1079 2563 ait,
1109 2524 1237 2563 neque
1268 2511 1430 2563 populo,
1459 2524 1523 2549 ne-

432 2581 510 2622 que
528 2568 647 2621 ipsius
666 2570 881 2609 maioribus
904 2570 1107 2621 cognitam
1139 2566 1265 2618 suiffe,
1296 2567 1522 2619 praesertim

434 2637 524 2664 cum
545 2626 633 2665 eius
658 2625 753 2665 ess‘et
783 2626 884 2664 ratio
910 2625 1032 2677 longe
1060 2623 1212 2664 diuersa
1241 2624 1288 2666 ab
1324 2636 1384 2672 ea,
1422 2635 1523 2676 quae

434 2681 551 2722 vnius
570 2689 733 2723 naturae
752 2679 950 2722 beneficio
972 2681 1036 2721 edi
1055 2680 1164 2722 solet.

1683 0 1701 126 „etl-fi.
