1701 2990
336 263 743 310 EXARABVM
775 260 1241 303 M-oNIMENTIS.
1327 248 1396 303 61

334 385 519 447 Cap.X1.
556 379 781 427 Obseruat.
816 378 868 441 ι.)
881 372 1080 426 Fluxum
1083 375 1340 449 sanguinis
1361 394 1403 426 ct

184 460 467 505 inanitionem
489 475 512 503 a
534 458 737 518 deglutita
758 457 961 504 hirudine
982 455 1034 517 T)
1068 473 1268 504 curatum
1287 454 1404 502 sana-

185 551 367 599 tumquc
389 553 413 580 a
432 537 610 590 RASI,
639 551 720 600 per
741 532 903 579 affatim
924 532 1132 594 ingestam
1161 551 1263 580 cum
1292 549 1406 596 aqua
1432 553 1434 555 ’

184 611 344 658 lentem
391 609 648 675 palustrem,
691 626 735 657 vt
777 613 898 656 cuius
938 627 1084 656 amore
1122 626 1164 656 et
1198 608 1404 657 suauitate

185 687 313 735 dueta
340 688 498 734 hirudo
520 685 792 733 stomachum
821 687 1064 751 reliquerit,
1101 703 1143 733 et
1167 683 1300 732 fuerit
1327 703 1404 732 vo-

183 767 294 811 mitu
316 761 496 828 expulsa.
570 761 629 824 2.)
651 766 719 810 De
740 763 914 809 vtilitate
943 760 1101 810 carnis
1130 761 1405 831 viperarum

184 844 230 887 in
250 832 455 909 hydrope.
533 840 591 902 3.)
620 843 689 888 De
711 856 808 886 nata
829 857 877 886 ex
898 842 1033 886 nimio
1058 831 1292 903 clysterum
1326 837 1404 886 vsu

182 916 496 965 excoriatione
524 910 866 976 intestinorum,
907 933 948 963 et
967 918 1078 963 hanc
1104 915 1243 963 secuta
1271 908 1404 984 epile-

171 988 291 1065 psia.
370 994 432 1057 4.)
475 997 542 1041 De
577 1010 722 1040 curata
747 985 933 1062 phthgst
961 1012 1041 1059 per
1071 987 1163 1041 mel
1198 989 1404 1057 roflltmn

165 1065 518 1134 fizccharatnm.
580 1070 639 1130 5.)
659 1073 728 1116 De
749 1085 893 1117 curata
911 1063 1202 1140 cephalalgia
1224 1087 1306 1135 per
1324 1074 1403 1118 im·

181 1147 314 1214 posita
337 1150 462 1212 capiti
481 1144 586 1193 folia
608 1145 782 1194 contusa
811 1140 1100 1213 hyqscyclmi„

200 1344 202 1346 ‚
331 1281 434 1344 Cap.
453 1282 562 1325 XIII.
584 1279 714 1326 habet
737 1278 1085 1327 obseruationem
1127 1276 1261 1341 1.)De
1281 1272 1403 1340 asth-

181 1366 305 1419 mate
341 1374 365 1402 a
405 1355 522 1403 lastis
554 1355 645 1412 vsu,
694 1375 772 1421 per
816 1374 974 1422 aquam
1010 1358 1201 1402 niuatam
1246 1355 1402 1406 sanato.

182 1437 306 1492 Quae
328 1437 503 1488 curatio,
528 1436 637 1478 mira
657 1434 844 1499 prorsus,
889 1450 932 1479 vt
964 1450 1094 1494 aegro
1125 1433 1317 1490 salutern,
1348 1433 1403 1481 fic

180 1512 350 1558 medico
392 1527 581 1556 mortem
622 1513 718 1557 tulit
757 1514 802 1556 in
837 1510 1030 1575 patibulo
1059 1510 1403 1571 ignominiosam.

183 1590 241 1648 2.)
283 1590 351 1633 De
380 1576 558 1648 ingenti¹
585 1587 716 1652 penis
736 1581 1126 1648 ilficztmnatione5
1165 1605 1275 1652 quae
1305 1605 1403 1637 nata

182 1662 326 1711 fuerat
349 1682 396 1710 ex
429 1668 604 1728 impuro
637 1682 737 1710 cum
769 1663 898 1710 bestia
929 1663 1173 1719 concubitu,
1205 1682 1306 1710 cum
1338 1683 1403 1711 ca-

181 1742 363 1787 runcula
384 1743 604 1786 vrethram
625 1739 883 1796 obstruente,
906 1739 1046 1786 sanata
1072 1741 1205 1787 modo
1225 1740 1402 1806 prorsus

183 1820 390 1882 cmpirico
438 1834 565 1882 atque
603 1817 779 1864 crudeli.
854 1816 1109 1882 Impositum
1150 1818 1301 1879 glabro
1344 1819 1402 1864 la-

182 1896 272 1961 pidi
293 1913 452 1959 penem
474 1895 665 1941 medicus
688 1893 824 1940 subito
846 1911 1016 1959 praeter
1046 1897 1163 1955 aegri
1195 1893 1402 1959 exspetia-

183 1975 359 2027 tionem,
398 1991 481 2036 qua
511 1986 690 2037 poterat,
725 1973 767 2017 vi
794 1971 1058 2034 percutiebat
1083 1989 1218 2017 manu
1248 1975 1294 2017 in
1321 1989 1401 2036 pu-

184 2066 321 2109 gnum
353 2047 507 2104 masta,
538 2065 580 2100 vt
609 2046 913 2094 obturaculum
960 2064 1001 2095 et
1038 2047 1157 2094 vlcus
1201 2047 1399 2095 dissiliret.

183 2129 300 2190 Sapit
322 2127 391 2172 hic
414 2125 530 2172 casus
550 2118 668 2172 luem
685 2137 924 2172 veneream
936 2139 957 2177 ,⁸
979 2141 1020 2171 et
1039 2123 1172 2189 poffet
1193 2123 1401 2172 inseruire

182 2203 264 2249 illis
286 2220 367 2267 pro
390 2217 657 2263 argumento,
688 2203 764 2267 qui
793 2200 999 2247 morbum
1025 2202 1142 2247 hunc
1172 2205 1301 2248 etiam
1332 2219 1400 2248 ve-

182 2279 347 2326 teribus
393 2283 614 2340 cognitum
651 2276 772 2325 fuisse
806 2279 1082 2324 contendunt.
1112 2274 1158 2339 ⁵³)
1235 2279 1402 2324 Accidit

184 2372 330 2404 autem
357 2359 392 2402 is
423 2355 538 2403 casus
562 2358 670 2402 circa
700 2373 865 2401 annum
886 2355 1044 2402 Christi
1064 2369 1164 2414 940.
1240 2352 1303 2416 3.)
1332 2358 1402 2402 De

1285 2424 1402 2477 om!—

235 2503 292 2553 ἧς)
324 2502 386 2542 De
408 2501 606 2556 deglutita
624 2501 811 2543 hirudine
834 2514 870 2542 v.
903 2514 1188 2542 SEYDLITZ
1217 2499 1401 2541 Itinerar.

238 2619 280 2669 ³*>
296 2570 447 2655 Iiiegiito
457 2558 539 2654 rigi]
565 2613 671 2654 facio
702 2612 814 2654 istam
844 2614 958 2653 litem
987 2613 1036 2652 de
1059 2613 1296 2665 antiquitate
1323 2610 1403 2653 luis

304 2684 512 2712 venereae
571 2669 621 2711 Id
650 2677 785 2711 tamen
811 2671 949 2719 miror,
978 2671 1029 2709 ab
1059 2669 1308 2722 antiquitatis
1338 2680 1402 2719 pst-

1322 2734 1402 2765 UO—
