1701 2990
276 268 349 329 84
456 272 534 312 DE
580 267 831 310 MANNA
877 268 1315 309 EBRAEORVM.

275 391 486 436 daeorum
508 384 692 434 fabellae
713 403 759 431 ac
781 402 922 446 nugae
953 379 1021 445 ’ῦς
1060 403 1166 449 quas
1195 386 1434 448 reprimere
1457 401 1499 431 et

275 467 444 517 animis,
487 466 532 509 in
568 463 726 526 quibus
761 465 1073 516 inueterarunt‚
1112 464 1310 515 eximere,
1345 477 1498 524 opero-

276 541 373 587 sum
395 538 475 596 est;
513 556 608 585 tum
630 556 739 585 vana
760 555 848 584 non
871 540 1029 593 minus,
1069 555 1202 602 quam
1220 536 1341 601 saepe
1364 537 1502 582 aliena

277 616 596 663 nonnullorum
626 614 763 661 studia
796 616 1053 669 hominum,
1086 618 1184 677 qui,
1216 611 1412 673 neglesta
1434 630 1500 658 re·

278 711 382 740 rum
411 709 563 737 natura
592 690 883 754 historiaeque
913 689 1010 746 fide,
1052 706 1125 735 aut
1157 692 1362 755 opinione
1383 706 1501 750 rege-

279 785 431 817 rentur
459 784 557 813 ante
590 783 808 832 concepta,
837 766 876 827 ‘)
922 782 995 812 aut
1022 768 1187 827 ingenii
1218 767 1408 811 luxuriae
1440 767 1502 811 ni-

279 849 364 893 mis
395 845 685 905 indulgerent.
719 843 763 905 d)
832 844 973 889 Video
1006 860 1195 905 quoque,
1238 845 1281 886 in
1305 858 1419 887 tanta
1440 844 1503 887 rei

281 919 529 968 difficultate
551 937 592 966 et
615 919 870 966 obscuritate
902 919 1116 981 quaedam
1149 919 1259 964 mihi
1281 915 1503 982 supereffe,

281 1001 325 1044 in
358 997 514 1062 quibus
536 995 808 1061 expediendis
833 995 973 1041 adhuc
994 993 1154 1040 frustra
1175 1011 1353 1059 operam
1376 995 1504 1040 collo-

280 1077 387 1122 caui.
482 1073 564 1119 Sed
594 1074 675 1120 hac
713 1072 922 1133 religione
959 1071 1011 1118 ab
1047 1069 1123 1117 isto
1155 1086 1310 1117 conatu
1343 1089 1504 1135 nequa·

281 1168 416 1216 quam
436 1148 643 1213 repulsuS,
665 1151 771 1213 quin
792 1151 937 1213 potius
959 1148 1012 1193 ad
1037 1149 1226 1194 eundem
1247 1146 1507 1212 persequen-

282 1229 391 1274 dum
425 1229 636 1283 excitatus,
667 1222 932 1290 proferenda
961 1225 1161 1278 indicaui,
1194 1242 1304 1286 quae
1331 1225 1424 1269 veri
1446 1227 1506 1270 vi-

282 1304 414 1351 dendi
449 1303 680 1366 cupiditate
720 1299 973 1362 inuestigata
1016 1316 1057 1345 et
1091 1303 1267 1345 inuenta
1305 1315 1412 1365 puto
1452 1300 1506 1347 ad

283 1397 379 1428 rem
401 1377 695 1425 illustrandam
715 1394 979 1441 quocunque
1000 1377 1133 1423 modo
1158 1377 1319 1422 valere:
1343 1374 1414 1441 spe
1436 1377 1507 1422 ad-

283 1454 453 1511 duuus,
475 1452 583 1513 fore,
624 1470 669 1500 vt
692 1470 732 1500 et
752 1455 858 1500 haec
881 1452 981 1518 ipsa,
1021 1471 1131 1517 quae
1161 1454 1361 1499 nondum
1393 1470 1508 1501 extra

280 1549 461 1579 omnem
482 1531 795 1577 dubitationem
814 1529 947 1595 posita
967 1529 1057 1588 fint,
1069 1530 1340 1577 eruditorum
1362 1547 1505 1595 opera,

282 1610 312 1656 fi
332 1611 408 1674 qui
428 1606 540 1654 forte
563 1610 607 1653 in
629 1606 854 1672 posterum
878 1609 1019 1663 etiam,
1035 1606 1250 1653 eiusmodi
1272 1608 1390 1668 regia
1412 1625 1505 1655 mu-

283 1685 498 1732 nificentia
519 1684 666 1740 adiuti,
705 1700 837 1748 quam
858 1686 904 1729 in
924 1684 1161 1729 immortali
1191 1685 1356 1729 Daniae
1386 1688 1504 1746 Rege

282 1780 423 1827 nuper
453 1762 650 1807 admirati
681 1759 842 1815 sumus,
883 1762 936 1805 in'
961 1760 1039 1806 has
1066 1761 1255 1805 Orientis
1295 1762 1507 1821 regiones,

282 1836 581 1886 remotissimas
622 1837 712 1882 illas
753 1853 794 1882 et
832 1834 993 1883 accessu
1035 1833 1317 1891 difficillimas,
1356 1839 1509 1884 itinera

282 1913 521 1980 suscipient,
560 1913 791 1977 aliquando
835 1913 889 1958 ad
937 1913 1155 1976 liquidum
1202 1913 1507 1977 perducantur.

284 1992 369 2039 Sed
409 1990 506 2037 sunt
548 1989 761 2053 quaedam
793 1989 1090 2054 praeparanda
1122 2005 1162 2035 et
1199 1987 1507 2053 praestruenda

282 2071 417 2135 prius,
458 2084 590 2131 quam
628 2067 682 2113 ad
714 2067 758 2112 id
791 2065 944 2131 ipsum,
981 2066 1100 2131 quod
1131 2065 1402 2131 propositum
1435 2066 1508 2124 est,

1395 2161 1510 2191 acce·
1534 2170 1555 2206 j

339 2249 382 2300 Ia)
413 2246 556 2302 Legat,
588 2248 657 2302 qui
689 2246 820 2299 volet,
858 2245 963 2285 tales
999 2245 1104 2297 apud
1147 2260 1171 2285 Β
1185 2259 1420 2288 VXToRFI
1434 2262 1507 2288 VM

409 2308 445 2343 in
476 2305 569 2355 Hist.
603 2305 734 2343 suarm.
770 2318 801 2343 c.
830 2301 883 2342 ΙΙ.
929 2309 969 2341 et:
1009 2302 1113 2354 apud
1143 2316 1509 2345 CALVOERIVM

411 2360 452 2398 in
477 2360 602 2399 Gloria
628 2360 751 2410 frlqlt‘s,
784 2357 876 2398 Diss.
896 2356 949 2396 Il.
983 2370 1019 2410 p.
1037 2374 1098 2408 59.

343 2417 381 2467 c)
411 2415 611 2467 Exemplo
638 2417 723 2456 sunt
752 2414 938 2455 auctores
961 2415 1081 2453 modo
1105 2413 1265 2461 laudati,
1309 2419 1350 2454 et
1378 2421 1421 2454 vt
1448 2427 1507 2454 re-

407 2473 632 2512 centiorem
654 2471 835 2511 adiiciam
847 2501 857 2518 ,
890 2484 918 2509 N
932 2483 959 2509 E
973 2484 997 2509 L
1010 2484 1031 2511 s
1043 2484 1067 2509 o
1081 2483 1109 2510 Ν
1125 2484 1152 2510 v
1166 2484 1187 2510 s
1217 2473 1252 2507 in
1275 2471 1338 2508 der
1358 2471 1506 2511 antidei-

397 2527 546 2579 stg’fchen
564 2529 675 2579 Biha,
699 2528 746 2567 ad
769 2527 895 2567 Exod.
911 2525 1025 2569 XVI.
1055 2541 1116 2577 ¹5·
1144 2539 1193 2565 ex
1205 2524 1396 2567 Verfione
1410 2525 1508 2566 Ger-

412 2596 579 2623 mamea.

333 2640 377 2689 d)
404 2637 560 2678 Illustre
586 2639 813 2692 exemplum
840 2644 948 2678 extat
979 2638 1020 2677 in
1054 2651 1126 2678 HE
1140 2651 1168 2677 R
1182 2652 1228 2677 M.
1263 2651 1366 2679 voN
1400 2650 1465 2679 DE
1479 2650 1501 2676 R

403 2707 435 2734 Η
449 2708 517 2736 AR
530 2710 556 2735 ι)
569 2708 596 2736 'r
627 2695 916 2749 Eplmmeridilms
942 2694 1064 2735 Philol.
1092 2693 1247 2748 Dtstms
1267 2692 1362 2737 VII.
