1701 2990
385 253 466 296 <DE
503 255 754 295 MANNA
791 253 1219 298 EBRAEORVM.
1308 254 1412 311 103

769 409 777 418 .
812 375 862 418 X.

619 367 799 495 Mamia
837 440 989 497 tiliae.

360 546 563 610 Sequitur
613 562 767 609 quarto
802 539 942 605 tilia,
992 545 1141 592 eadem
1182 545 1236 593 de
1277 541 1416 592 caussa.

194 621 313 669 haud
350 622 488 668 multo
532 624 676 667 minus
717 621 957 678 nobilitata,
1007 622 1257 686 praesertim
1277 621 1411 686 ,apud

195 700 346 744 THE
360 700 595 744 OPHRA
611 701 636 743 S
650 701 814 744 TVM
830 733 840 753 ‚
893 700 990 763 qui,
1027 697 1137 745 libro
1180 700 1233 745 de
1267 699 1410 753 melle,

194 775 240 820 in
264 791 447 837 quereus
479 788 521 819 et
551 774 662 819 tiliae
681 771 909 820 frondibus
929 775 1018 820 mel
1038 778 1205 822 aerium
1228 776 1411 820 maxime

194 836 375 914 reperiri
404 852 471 896 ait.
548 846 716 896 caussas
748 867 925 914 quoque
955 848 1091 907 affert,
1128 868 1204 897 cur
1235 852 1316 896 hae
1334 867 1412 915 po-

195 925 399 972 tiffimum
422 924 595 972 arbores
615 943 666 972 eo
687 927 814 973 melle
838 925 1016 973 affluant
1031 943 1157 991 atque
1176 927 1410 982 abundent,

195 1001 267 1049 sed
289 1020 393 1067 quas
415 1004 588 1048 aurium
621 1005 823 1049 teretium
856 1019 897 1049 et
924 1004 1070 1068 paullo
1094 1004 1411 1065 elegantiorum

194 1079 354 1125 iudicio
386 1078 582 1138 indignas
623 1081 787 1124 omitto.
871 1083 972 1136 Quo
1002 1082 1138 1139 magis
1169 1081 1409 1143 Aegyptiae

193 1154 291 1201 sunt
309 1154 422 1200 tiliae
443 1155 526 1199 hoe
547 1155 742 1218 inprimis
766 1155 860 1205 loco
880 1153 1130 1212 laudandae,
1161 1173 1283 1219 quae,
1305 1153 1409 1200 teste

194 1234 382 1277 RENE
395 1233 578 1276 AVMI
591 1233 630 1275 O
667 1233 710 1276 in
739 1233 1035 1276 monumentis
1057 1233 1314 1278 Academiae
1333 1234 1409 1276 Pa·-

194 1305 381 1363 rifienfi3‚
406 1306 619 1354 eiusmodi
639 1306 796 1354 melleo
816 1306 940 1354 succo
959 1306 1126 1355 scatent.

734 1423 766 1480 ς.
800 1424 870 1467 xi.

461 1490 644 1543 Manna
693 1493 798 1543 orni
846 1505 893 1544 et
921 1491 1143 1556 fraxini.

341 1592 454 1639 Illud
472 1611 576 1640 vero
598 1596 747 1640 mirari
763 1593 857 1640 satis
880 1612 1061 1659 nequeo,
1076 1612 1131 1641 ne
1154 1611 1291 1641 vnum
1313 1596 1407 1659 qui-

196 1669 298 1716 dem
320 1687 369 1715 ex
398 1669 613 1716 veteribus
636 1667 741 1716 orni
755 1665 1017 1729 fraxiniue
1041 1683 1253 1719 mannam
1274 1670 1408 1717 hodie

195 1743 495 1791 nobilissimam
517 1762 564 1791 ae
584 1745 906 1810 copiofiffimam
925 1747 993 1793 vel
1011 1747 1143 1793 verbo
1157 1744 1407 1794 meminisse.

195 1824 329 1868 Cuius
347 1820 593 1868 insolentiae
614 1821 795 1869 caussam
816 1823 1046 1884 indaganti,
1073 1824 1198 1888 plura
1227 1823 1406 1888 quidem

194 1900 240 1945 in
262 1915 454 1944 mentem
481 1915 716 1955 venerunt3
757 1898 828 1945 sed
864 1917 974 1964 quae
1001 1898 1225 1946 flub‘tuanti
1258 1903 1407 1946 animo

195 1991 237 2021 et
259 1974 391 2021 modo
412 1976 510 2030 huc,
538 1975 670 2022 modo
699 1975 800 2021 illuc
828 1974 1012 2040 impulso
1042 1994 1319 2041 nequaquam
1347 1975 1408 2024 sa-

193 2048 449 2098 tisfacerent.
521 2051 838 2098 Obuersabatur
869 2052 1001 2099 modo
1022 2055 1264 2114 incognitus
1286 2070 1406 2100 man-

194 2145 274 2174 nae
300 2129 346 2174 in
378 2130 589 2176 medicina
618 2127 726 2184 vlits,
756 2128 889 2175 modo
920 2128 1113 2190 negleffia
1141 2128 1407 2191 singularum

195 2203 418 2260 arborum,
457 2223 568 2271 quae
598 2201 775 2260 ferrent,
810 2204 996 2252 recensio
1017 2224 1065 2252 ex
1085 2215 1209 2253 verae
1230 2209 1407 2267 originis

192 2283 476 2341 ignoratione,
512 2281 643 2328 modo
674 2281 841 2328 roboris
870 2284 956 2328 iam
987 2283 1228 2347 plurimum
1256 2283 1407 2330 nobili-

195 2359 270 2403 tati
289 2357 507 2405 honorem
526 2373 567 2405 et
587 2358 833 2419 dignitatem
857 2359 1041 2420 augendi
1072 2360 1241 2423 cupido,
1272 2361 1406 2407 modo

198 2435 355 2480 Graeci
384 2436 583 2493 nominis,
618 2435 704 2498 quo
734 2435 890 2481 robora
921 2434 1226 2496 insigniuntur,
1257 2438 1407 2502 ampli-

197 2510 316 2565 tudo,
356 2528 440 2574 qua.
470 2512 541 2559 vel
588 2515 875 2558 PLINIVS
919 2511 1134 2577 deceptus,
1175 2515 1406 2574 agaricum,

198 2586 319 2652 quod
348 2586 495 2637 larices
527 2584 696 2645 ferunt,
738 2585 985 2650 glandiferis
1017 2589 1260 2637 Galliarum
1289 2591 1411 2638 arbo-

817 2666 859 2712 G
889 2678 917 2722 4
1296 2668 1415 2717 ribus
