1701 2990
330 261 543 322 XXXII
693 260 1212 322 PRAEFATIO.

330 408 409 459 ro,
450 404 498 444 et
527 405 646 445 tunc
675 393 880 445 demum
925 391 1146 455 resumfi‚
1186 391 1269 444 vbi
1309 409 1424 444 eum
1461 390 1561 447 fata

331 467 467 521 abire
498 469 560 521 ad
589 468 755 539 plures
798 469 1025 521 iusserant
1064 481 1204 534 ante,
1249 475 1407 539 'quam
1444 467 1559 522 lima

327 543 565 612 scriptum
611 545 897 613 persecutus
941 558 1057 597 erat.
1198 548 1331 598 Hinc
1364 544 1559 598 resee'tis

327 622 402 683 iis,
450 639 576 691 quae
608 621 765 673 abesse
806 625 912 673 iure
942 622 1029 673 suo
1063 620 1312 674 debebant
1345 638 1432 674 aut
1464 639 1559 691 po-

328 709 508 761 terant,
542 711 592 750 et
621 700 672 749 in
705 698 937 750 ordinem
970 695 1193 759 redadffi,
1227 714 1353 768 quae
1383 695 1554 750 beatus

327 774 432 826 RE
445 776 470 825 I
478 775 516 825 S
523 777 568 826 J<
582 775 610 824 Ῑ
627 775 715 825 VS
751 773 865 825 hinc
904 773 1017 825 inde
1059 771 1319 834 alleuerat,
1361 772 1556 826 adiuto-

323 867 432 901 rem
465 849 587 902 mihi
623 848 910 918 eligendam
952 848 1044 900 effe
1081 848 1201 900 senfi
1238 848 1312 902 cl.
1352 850 1553 902 HAL-

321 929 610 989 LERVM,
647 929 746 992 qui,
781 939 831 977 vt
871 929 998 977 inter
1030 925 1225 978 nostros
1257 925 1460 988 constat,
1499 941 1552 981 et

323 1006 524 1072 egregie
564 1000 739 1054 ἀοᾶυε
782 1003 875 1066 est,
925 1017 977 1055 et
1015 1001 1291 1070 linguarum
1336 1004 1551 1055 orienta-
1614 1040 1620 1044 -

320 1079 468 1142 lium,
531 1082 583 1131 in
634 1081 800 1147 primis
848 1077 1116 1143 Arabicae,
1173 1076 1549 1132 callentiffimu8.

321 1159 420 1209 Hie
459 1173 724 1225 operarum
771 1157 884 1208 vitia
934 1173 1036 1209 non
1079 1157 1239 1208 modo
1280 1159 1548 1223 expunxit,

320 1233 403 1286 sed
436 1247 486 1285 et
515 1235 642 1284 varia
674 1236 958 1294 annotauit,
1010 1233 1097 1284 suo
1131 1234 1339 1284 nomine
1367 1232 1554 1287 suffixo„

312 1307 462 1369 ‘facile
491 1309 896 1375 internoscenda,
931 1309 1152 1377 ideoque
1184 1311 1233 1360 in
1266 1308 1404 1377 spem
1437 1327 1545 1361 cer-

317 1386 548 1437 tiffimam
581 1386 860 1455 ingredior,
896 1382 1036 1450 fore,
1081 1398 1131 1436 vt
1171 1384 1231 1436 de
1264 1385 1443 1447 *nostris
1474 1385 1544 1439 la-

316 1461 522 1517 boribus
555 1465 701 1535 aequi
732 1460 956 1534 bonique
987 1462 1175 1515 iudices
1205 1461 1431 1516 sentiant.

462 1618 602 1668 Haec
631 1618 732 1679 Te,
772 1618 828 1667 L.
858 1617 911 1666 B.
946 1632 1154 1668 monere
1177 1614 1332 1668 volui.
1392 1588 1541 1668 Vtere

317 1689 476 1745 dod‘tis
518 1693 836 1745 REISKII
880 1704 932 1743 et
981 1694 1226 1744 FABR!
1263 1691 1543 1760 scriptioni·

314 1767 423 1832 hm,
468 1768 712 1841 nobisque
741 1766 910 1821 fauere
945 1785 1110 1838 perge.
1187 1767 1358 1840 Scripfi
1393 1773 1538 1823 lenae

311 1846 600 1901 111Ca1end.
634 1846 717 1900 lul.
756 1849 1153 1908 diffisecnixvi‘.
