1701 2990
192 192 217 213 ⁷
270 212 379 284 136
509 228 587 268 DE
630 225 881 266 MANNA
919 224 1241 265 ARABICA.

269 345 485 410 plurima,
526 342 669 407 ipsum
706 343 814 388 haec-
851 338 1061 396 retuliffe,
1097 339 1170 386 sed
1207 357 1257 387 ex
1285 344 1497 389 memoria

269 416 487 485 promfiffe
516 418 667 483 suopte
688 419 862 478 ingenio
887 415 1037 464 effigia.
1119 417 1264 473 Addit,
1284 410 1497 477 stracho-

260 489 384 556 stam
415 492 495 541 esse
527 498 572 540 in
595 494 730 540 Persia
752 492 1064 549 vfitatiffimam‚
1104 493 1222 558 quod
1246 494 1424 558 quidem
1446 492 1500 539 de

268 563 575 637 terengabina
598 572 720 626 valet,
743 570 795 616 de
810 563 1050 632 sirachosta
1074 587 1163 616 non
1187 572 1302 616 item.
1348 571 1498 615 Breui-

272 664 339 694 ter
371 649 524 704 dicam,
559 649 664 712 quid
700 646 891 694 sentiam,
1009 638 1271 705 Sirachosta
1299 647 1411 692 mihi
1441 643 1501 691 est

272 737 468 785 manna,
507 742 596 771 non
628 727 794 779 natiua,
834 722 906 770 sed
936 720 1117 778 faffitia,
1163 722 1359 787 adeoque
1388 724 1502 767 inter

274 818 452 848 naturae
475 802 596 847 dotes
627 819 716 847 non
749 801 936 865 amphus
958 799 1236 845 numeranda.
1311 801 1500 856 Etenim,

275 877 452 925 auCtore
492 872 880 933 MESVAEO‚
919 889 1086 922 mamm
1104 871 1501 940 praesertimsero-

273 952 396 1015 tina,
416 969 489 1000 aut
517 972 628 1017 quae
660 969 793 1000 act-ate
821 955 965 999 vitiata
988 951 1193 998 mollescit
1221 970 1268 998 ac
1297 950 1501 1016 liquescit,

274 1030 442 1095 saepius
465 1048 545 1095 per
566 1028 769 1076 fraudem
797 1030 1072 1084 adulteratur,
1112 1029 1296 1074 admixta
1322 1030 1502 1081 materia

276 1109 439 1165 aliena,
480 1106 702 1163 saccharo,
742 1103 856 1152 foliis
895 1104 1041 1160 senae,
1081 1103 1368 1160 scammonio,
1410 1121 1502 1169 quo

277 1185 474 1230 videatur
514 1185 739 1229 recentior.
844 1181 995 1240 Quid?
1059 1182 1179 1246 quod
1224 1183 1269 1226 in
1299 1186 1502 1244 Aegypto

278 1260 425 1324 amylo
446 1275 486 1305 et
509 1258 708 1305 saccharo
729 1257 1011 1304 adulteratam
1031 1260 1208 1304 nomine
1223 1249 1504 1316 strachostae

276 1337 497 1402 appellari,
543 1335 716 1381 tradidit
770 1329 956 1380 PROS
972 1332 1105 1380 PER
1163 1331 1502 1380 ALPINVS.

278 1414 571 1477 Componitur
591 1415 635 1458 in
656 1408 871 1457 craffiores
888 1412 1033 1465 micas,
1045 1408 1227 1475 goffypii
1244 1409 1387 1456 floccis
1405 1427 1504 1473 per·

276 1487 446 1544 ssmiles,
487 1487 544 1535 ob
575 1489 620 1535 id
654 1478 917 1553 bombycina
949 1487 1001 1532 ab
1036 1485 1126 1551 ipso
1156 1502 1314 1533 vocata.
1389 1489 1505 1533 Con·

277 1564 367 1621 stat,
403 1565 557 1612 iisdem
586 1566 765 1629 aliisque
795 1563 936 1610 modis
969 1564 1078 1610 lucri
1114 1561 1250 1609 cauffa
1281 1561 1333 1609 ab
1361 1564 1503 1609 auaris

276 1640 522 1707 seplasiariis
550 1644 689 1688 vitiari
708 1632 1252 1688 mannamCalabrinam.
1341 1642 1506 1697 Quam-

277 1718 431 1765 obrem
453 1717 637 1765 dubitari
658 1720 724 1763 vix
745 1715 894 1782 potest,
918 1708 1286 1781 quinfirachosta
1300 1733 1382 1779 pro
1403 1725 1503 1761 ter-

275 1785 528 1860 engabinae
564 1793 776 1839 adulterio
818 1793 1015 1839 habenda
1060 1792 1119 1849 sit,
1161 1811 1208 1840 ex
1251 1795 1503 1839 natiuarum

277 1883 553 1919 mannarum
585 1887 770 1917 numero
794 1868 1109 1936 proscribenda.

758 2006 792 2063 ς.
833 2005 1027 2049 xxvm.

615 2073 797 2126 Manna
854 2073 1171 2141 tamariscina.

427 2182 675 2241 Antequam
722 2177 776 2223 ad
820 2178 996 2223 tertium
1035 2173 1071 2220 E
1094 2173 1128 2220 B
1154 2171 1201 2219 N
1250 2173 1279 2221 S
1300 2173 1318 2220 I
1340 2172 1387 2221 N
1407 2172 1447 2221 A
1467 2173 1504 2221 E

278 2270 415 2314 genus
435 2253 704 2318 progredior,
747 2254 865 2317 quod
885 2244 1114 2322 liquidum
1137 2249 1230 2306 effe,
1256 2249 1371 2297 infra
1392 2250 1504 2296 vide-

277 2330 434 2388 bimus,
466 2348 521 2376 ηε
557 2348 605 2375 cx
636 2328 764 2394 spissis
799 2345 840 2376 ct
871 2331 1090 2383 concretis,
1121 2345 1230 2393 quae
1261 2326 1388 2391 supra
1415 2343 1504 2373 me-

278 2409 400 2462 mini,
439 2406 616 2470 aliquod
648 2408 742 2452 loco
773 2407 1060 2461 dimoueatur,
1092 2404 1271 2451 dicenda
1294 2402 1352 2449 est
1374 2415 1504 2449 man-

276 2497 338 2529 na
397 2479 816 2531 CHARDlNll
871 2477 1203 2541 tamarisbilm,
1265 2495 1505 2526 memorata

279 2560 352 2606 illa
409 2562 539 2607 etiam
597 2554 1063 2608 MESARVGIO
1120 2557 1236 2624 apud
1287 2554 1505 2604 SERA-
