1701 2990
280 201 383 256 128
525 209 600 250 nn
638 209 891 250 MANNA
932 209 1252 249 AnAch.

273 322 376 372 rufo
405 327 598 381 munitis,
640 326 800 385 rigidis.
877 325 1168 372 Ramulorum
1197 323 1340 389 spinae
1366 326 1504 372 mino·

273 419 342 447 res
366 399 474 454 sunt,
512 418 561 447 ex
581 397 792 448 foliorum
815 401 945 448 axillis
974 402 1252 467 prodeuntes
1330 401 1503 459 Quibus

271 478 431 523 ramuli
451 493 492 523 et
514 477 655 523 caules
679 480 978 536 terminantur,
999 479 1094 524 illae
1116 481 1161 524 in
1185 476 1505 537 longitudinem

273 552 435 600 habent
463 553 669 617 pollicem
698 571 835 599 vnum
869 571 970 600 cum
1002 554 1195 611 dimidio,
1232 553 1410 616 reliquis
1444 569 1504 600 te·

272 628 462 676 nuiore‘s.
537 632 599 676 Ex
629 629 802 689 singulis
842 631 1035 694 pendent
1072 629 1201 677 flores
1232 627 1503 690 leguminofi,

270 705 544 766 longitudine
565 706 732 752 dimidii
753 707 931 770 pollicis.
1008 707 1226 753 Vexillum
1257 706 1503 769 repandum

270 779 343 837 est,
380 799 656 846 purpureum
686 785 796 830 circa
816 784 1027 839 medium,
1070 784 1125 830 ad
1155 786 1371 843 margines
1408 780 1506 828 sub-

268 859 470 913 rubrum,
494 860 791 914 rotundatum,
813 861 967 906 leuiter
990 861 1321 920 emarginatum.
1395 858 1504 905 Alae
1536 895 1540 898 »

268 933 368 982 sunt
389 934 612 981 breuiores
636 951 678 982 et
705 935 1032 992 constrifflores,
1076 935 1251 982 dilutius
1282 933 1500 993 rubentes,

268 1009 508 1058 introrsum
528 1029 790 1077 purpureae,
821 1011 924 1059 sicut
944 1015 1100 1067 carina,
1137 1029 1246 1075 quae
1271 1009 1419 1056 obtusa
1443 1009 1505 1058 est

269 1105 317 1134 ac
338 1088 486 1152 paullo
510 1090 708 1153 amplior.
778 1092 899 1135 Haec
922 1091 1066 1135 carina
1090 1089 1277 1134 inuoluit
1301 1091 1503 1148 vaginam

266 1165 423 1218 albam,
461 1163 736 1220 fimbriatum,
775 1164 979 1212 subs-lauis
1001 1164 1206 1229 apicibus,
1247 1180 1293 1208 ac
1314 1167 1420 1224 tegit
1440 1166 1503 1228 pi-

269 1240 428 1288 stillum
451 1241 637 1302 longum
659 1258 846 1305 quatuor
877 1242 1011 1286 lineas
1041 1258 1088 1286 ac
1110 1238 1332 1284 filamento
1356 1242 1502 1286 termi-

266 1333 432 1364 natum.
532 1318 649 1364 Calix
676 1319 825 1382 paullo
855 1315 1132 1382 produ-Peior,
1176 1317 1335 1361 lineam
1367 1333 1500 1363 vnam

266 1411 370 1441 cum
394 1393 573 1440 dimidia
594 1394 764 1455 longus,
790 1393 1034 1452 subuiridis,
1068 1392 1228 1453 glaber,
1263 1393 1418 1438 leuiter
1437 1410 1502 1438 ca-

265 1472 442 1518 rinatus.
552 1471 683 1518 Flore
717 1488 950 1535 pereunte,
990 1469 1198 1534 pistillum
1230 1468 1317 1514 abit
1347 1470 1392 1514 in
1422 1467 1509 1515 fili-.

213 1608 215 1610 -
265 1563 411 1612 quam,
453 1548 659 1612 pollicem
691 1550 860 1594 circiter
906 1548 1097 1609 longam,
1141 1544 1307 1610 saepius
1345 1546 1500 1592 leuiter

263 1622 475 1679 falcatam,
517 1625 705 1670 articulis
737 1625 979 1670 admodum
1011 1621 1199 1684 angustis
1232 1639 1273 1668 et
1295 1619 1417 1668 facile
1437 1625 1511 1668 in-.

266 1698 508 1760 fringendis
531 1700 856 1755 interstinfflam,
887 1698 1126 1755 subrufam,
1160 1697 1285 1760 gustu
1313 1699 1499 1754 dulcem,

263 1778 545 1838 glutinosam,
596 1794 837 1838 granorum
879 1777 1158 1840 receptaculis
1200 1776 1318 1821 binas
1363 1776 1497 1821 lineas

264 1852 415 1901 craffis.
496 1857 648 1902 Grana
678 1854 775 1900 sunt
806 1852 935 1908 fusca,
968 1854 1127 1899 lineam
1164 1853 1307 1912 longa,
1350 1853 1498 1916 paullo

261 1932 427 1986 latiora,
467 1929 606 1992 figura
636 1933 763 1995 parui
796 1933 923 1986 renis,
955 1928 1104 1995 sapore
1136 1929 1304 1975 acerbo.
1397 1931 1499 1975 Sur·

262 2008 360 2062 culi,
382 2007 539 2072 quibus
566 2008 807 2054 admodum
832 2007 1033 2062 abundat,
1059 2022 1211 2052 teretes
1237 2022 1278 2051 et
1298 2023 1322 2050 a
1343 2021 1498 2051 trunco

262 2085 447 2145 eleganti
480 2086 632 2131 ordine
664 2086 764 2131 hine
795 2084 897 2131 inde
936 2082 1137 2149 protensi,
1172 2085 1339 2129 maiore
1376 2099 1510 2146 parte>

263 2160 435 2208 cuscuta
457 2162 497 2222 ⁰)
529 2160 648 2207 obsiti
671 2161 780 2208 sunt.
1322 2155 1512 2220 §.XX11..

313 2237 353 2285 0)
389 2233 536 2286 Cassum
551 2235 777 2287 Epithymum
792 2247 914 2274 1⁴le.
931 2234 1027 2286 Syre.
1046 2234 1101 2273 Pl.
1119 2246 1180 2286 p.1
1193 2247 1255 2281 24.
1274 2232 1326 2273 T.
1340 2232 1370 2273 I.
1385 2232 1496 2272 Haec

390 2290 525 2341 planta
548 2290 746 2346 Hedysari
780 2289 984 2346 parasitica
1005 2290 1271 2339 'salmudicis,
1300 2290 1339 2328 ni
1363 2288 1495 2336 fallor,

387 2358 555 2387 vocatur
580 2361 718 2387 tir-mm
741 2359 873 2387 mum-t
896 2346 1040 2385 ,st-ham).
1062 2346 1133 2387 sol.
1151 2361 1166 2386 1
1180 2362 1239 2386 10.
1260 2361 1295 2384 2.
1329 2359 1355 2384 ’r
1369 2360 1401 2385 n
1417 2359 1441 2384 ιε
1455 2359 1499 2384 o-

385 2414 650 2444 PHRASTO
684 2405 744 2443 De
768 2403 870 2454 Caus
894 2401 1163 2454 Pl.11.23.p.
1183 2417 1271 2451 259·
1314 2410 1353 2440 et
1377 2415 1498 2441 Ρω-

387 2471 416 2497 N
435 2472 486 2497 10
509 2459 623 2500 XVI.
649 2475 713 2510 44.
749 2473 784 2514 p.
816 2474 905 2507 310.
947 2460 1093 2499 dicitur
1124 2460 1292 2506 Caclytas,
1324 2471 1497 2498 HESY-

386 2528 409 2554 c
423 2528 455 2554 H
470 2524 486 2554 r
499 2529 523 2554 0
572 2516 716 2567 Casptas
730 2548 738 2564 ,
779 2530 806 2556 N
822 2528 850 2555 E
863 2529 887 2554 o
898 2529 922 2555 P
933 2529 965 2555 H
979 2530 1004 2555 Y
1019 2529 1046 2555 ‘r
1059 2528 1084 2554 ο
1127 2516 1239 2555 cades
1253 2545 1263 2564 ,
1303 2514 1393 2554 aliis
1427 2517 1496 2567 epi-

387 2569 546 2617 thymum
576 2572 642 2612 vel
671 2573 891 2614 inuolucrum
905 2602 915 2620 ,
966 2585 994 2613 E
1008 2584 1032 2613 n
1047 2584 1079 2613 N
1115 2584 1134 2611 s
1146 2584 1200 2612 1N
1213 2583 1284 2612 ΛΕ
1327 2583 1367 2624 p.
1404 2584 1494 2623 192.

382 2622 627 2700 052252.
