1701 2990
377 248 456 288 DE
493 245 746 287 MANNA
787 243 1218 285 EBRAEORVM.
1316 242 1418 298 105

199 382 331 429 quam
353 361 503 410 omisso
526 365 714 418 nomine,
731 360 979 408 describitur
1002 378 1026 405 a
1047 357 1421 423 GALENO,¹¹)

200 445 320 488 cuius
342 441 485 495 verba,
527 442 734 504 qnoniam
765 439 818 484 ad
850 435 1032 483 cauffam
1063 435 1250 483 nostram
1271 439 1315 482 in
1336 438 1425 501 pri-

198 522 280 565 mis
303 518 455 573 valent,
480 534 637 581 operae
661 519 851 581 pretium
874 513 932 560 est
956 514 1137 560 adiicere
1159 512 1258 577 ipsa.
1315 509 1424 559 Me.-

790 594 832 638 G
865 605 887 644 5
1308 587 1427 636 mini

324 666 454 706 dicum
487 663 762 711 transtulisset,
802 663 977 717 intelligi
1008 676 1090 703 non
1114 661 1240 715 possit,
1276 664 1345 717 qui
1369 663 1426 704 fa-

324 721 435 761 ctum
467 719 526 770 fit,
560 728 601 760 vt
632 721 851 774 insequenti
892 726 1074 771 tempore
1101 719 1206 758 inter
1241 721 1425 761 medicos

326 777 531 816 obliuione
553 775 728 828 sepultus
760 777 866 815 idem
900 776 1035 827 liquor
1060 775 1220 814 iaceret.
1306 776 1422 824 Quae

324 832 413 873 sane
441 834 544 872 ratio
582 845 664 872 non
696 832 990 872 contemnenda
1024 829 1052 869 fi.
1088 831 1253 881 valeret,
1286 832 1426 872 locum

324 902 357 929 H
371 903 385 928 1
398 903 421 928 P
436 903 457 928 1³
471 903 494 928 c
506 902 534 928 R
547 902 577 929 A
588 902 615 928 ’r
627 902 643 927 1
657 901 679 929 s
708 888 764 927 ita
787 887 945 927 rescribi
966 886 1152 927 mallem:
1187 893 1289 939 μελι,
1321 885 1427 940 nesea.

324 963 373 984 νον
401 948 538 983 namu:
575 958 694 999 quam
731 943 961 998 scripturam
1007 957 1108 983 IAN
1124 955 1183 982 vs
1214 956 1428 985 coRNA-

323 1013 453 1041 R1vs
481 999 659 1039 versione
681 1002 693 1039 Ι
714 1000 821 1039 atina
842 997 1027 1051 expressit
1053 1005 1093 1038 et
1115 998 1257 1050 ipsam:
1286 1012 1425 1054 quem·

324 1057 540 1096 admodum
559 1055 684 1108 κεδμνῳ
701 1060 808 1103 ἓλαιῳ
826 1055 977 1107 legitur
1002 1055 1104 1107 apud
1121 1069 1153 1094 H
1164 1069 1181 1094 1
1195 1069 1217 1093 P
1230 1070 1253 1095 P
1267 1070 1291 1095 ο
1304 1070 1328 1096 c
1340 1070 1366 1094 R
1379 1070 1428 1098 A·

323 1125 442 1152 ΤΕΜ
467 1112 571 1151 libro
602 1112 755 1150 eodem.
829 1111 1012 1158 Accedit,
1041 1111 1149 1164 quod
1175 1113 1427 1154 medicorum

322 1166 409 1220 post
454 1179 871 1207 HIPPOCRATEM
911 1166 1046 1205 nullus
1087 1168 1309 1219 reperitur,
1356 1167 1428 1221 qui

327 1236 498 1263 mannae
525 1220 784 1269 meminisset,
825 1228 917 1261 ante
949 1235 1015 1261 Ac
1028 1236 1055 1261 T
1068 1235 1139 1262 VA
1153 1236 1252 1264 RIV
1265 1238 1301 1263 M
1314 1254 1323 1272 ‚
1358 1224 1429 1279 qui

1 1313 3 1322 Α
324 1279 485 1320 Mcthod.
521 1280 621 1318 Med.
661 1278 709 1319 V.
739 1288 773 1324 8.
823 1291 860 1332 p.
896 1294 912 1316 2
926 1293 984 1329 19.
1033 1278 1094 1318 ed.
1133 1277 1274 1320 venet.
1308 1282 1427 1331 1'554.

0 1332 3 1373 i
327 1348 517 1375 mannam
539 1335 586 1374 ad
605 1334 742 1374 aluum
762 1335 1033 1374 euacuandam
1059 1335 1286 1386 imperauit.
1332 1336 1426 1388 Sed,

0 1387 2 1441 l
329 1399 374 1430 vt
394 1403 534 1431 verum
555 1390 694 1437 fatear,
716 1390 892 1444 superior
925 1390 994 1430 illa
1017 1391 1122 1430 ratio
1154 1404 1219 1430 me
1241 1405 1323 1431 non
1342 1399 1428 1432 tan-

0 1447 1 1450 ’
328 1452 418 1487 tum
439 1454 591 1497 mouet,
620 1454 663 1486 vt
684 1447 893 1499 vulgarem
922 1460 954 1485 H
968 1460 984 1485 1
998 1461 1020 1486 Ρ
1032 1461 1054 1485 P
1066 1460 1091 1485 o
1104 1460 1127 1486 c
1140 1460 1170 1486 R
1183 1461 1211 1487 A
1224 1461 1251 1487 'r
1263 1461 1280 1487 1
1292 1461 1311 1487 s
1340 1449 1430 1491 scri-

325 1510 486 1556 pturam
514 1503 703 1550 deseram,
743 1515 937 1542 FOESJI
981 1503 1159 1555 probem.
1248 1504 1429 1546 Primum

326 1560 437 1599 enirn
465 1572 547 1598 non
566 1558 699 1598 alieno
727 1558 820 1598 loco
855 1557 960 1611 apud
989 1560 1239 1599 medicorum
1272 1568 1429 1613 patrem

325 1628 495 1655 mannae
524 1615 677 1654 mentio
706 1613 766 1664 fit,
796 1614 861 1654 sed
889 1615 938 1654 ad
969 1613 1202 1655 sententiam
1229 1616 1316 1655 eius
1336 1617 1428 1658 satis

326 1670 503 1723 apposite
523 1678 565 1710 et
584 1671 892 1711 conuenienter:
932 1675 974 1710 vt
994 1671 1103 1710 nulla
1124 1671 1203 1710 loci
1223 1674 1428 1726 exagitan-

324 1727 366 1766 di
389 1725 517 1766 caufl'a
537 1725 598 1765 fit.
682 1726 839 1766 Deinde
866 1737 938 1765 cur
972 1725 1237 1778 posteriorum
1269 1736 1425 1778 tempo-

326 1795 417 1822 rum
451 1783 596 1822 medici
626 1794 753 1836 Vsque
792 1781 840 1822 ad
881 1792 1225 1823 ACTVARIVM
1259 1798 1429 1826 mannae

326 1837 436 1878 vsum
457 1838 726 1892 negligerent,
747 1838 789 1878 in
811 1836 940 1878 caussa
959 1836 1036 1878 effe
1056 1840 1188 1890 potuit
1209 1854 1301 1880 cum
1320 1855 1430 1882 man-

325 1907 402 1935 nae
424 1896 567 1934 raritas
592 1900 633 1933 et
655 1894 833 1947 penuria,
853 1900 941 1933 tum
967 1895 1098 1935 maior
1120 1897 1431 1939 medicamento-

326 1963 418 1991 rum
446 1951 552 1990 haud
582 1950 724 2004 impari
754 1950 903 1991 virtute
937 1951 1063 2003 copia.
1157 1951 1190 1991 F
1193 1952 1346 1994 ortaffis
1375 1968 1428 1995 ne

326 2007 449 2047 hodie
484 2006 646 2061 quidem
676 2006 777 2046 adeo
806 2006 1045 2059 peruulgata
1083 2005 1178 2048 esset
1214 2010 1318 2049 inter
1349 2023 1430 2053 nos

327 2076 487 2113 manna,
522 2061 590 2102 nisi
611 2061 866 2102 Calabrenses
896 2062 1042 2102 fraxini
1067 2062 1332 2118 suppeterent,
1361 2074 1431 2108 aut

327 2117 357 2158 fi
378 2119 551 2169 Arabes,
580 2132 603 2158 a
626 2119 772 2172 quibus
793 2118 926 2158 medio
958 2132 1059 2158 aeuo
1093 2119 1279 2162 homines
1303 2122 1432 2164 Euro-

327 2175 419 2227 paei
441 2175 679 2214 medicinam
699 2181 836 2229 petere
856 2175 1045 2226 solebant,
1074 2175 1193 2216 huius
1212 2178 1431 2233 lacrymae,

326 2231 369 2271 in
398 2229 493 2271 Afia
520 2229 871 2283 frequentissimae,
896 2230 1004 2271 vsum
1033 2232 1168 2274 minus
1201 2234 1431 2287 a111plificas-

329 2287 426 2327 sent.
495 2285 574 2327 Sed
598 2288 763 2333 accedit,
794 2287 902 2340 quod
932 2300 982 2327 ne
1010 2289 1172 2342 quidem
1195 2304 1251 2331 ex
1272 2292 1433 2333 medici-

330 2355 381 2385 na
400 2342 558 2398 prorsus
579 2356 724 2383 manna
745 2342 830 2396 post
856 2356 917 2383 HI
931 2357 1025 2384 ppo
1039 2358 1183 2386 CRAT
1196 2361 1222 2387 Ε
1236 2362 1272 2387 Μ
1300 2349 1432 2388 exula-

330 2402 404 2447 vit,
434 2400 475 2439 in
498 2399 637 2453 primis
660 2400 820 2450 laricea,
852 2411 983 2452 quarn,
1014 2408 1056 2440 vt
1082 2400 1196 2453 supra
1215 2402 1366 2444 ostendi
1388 2406 1431 2446 in

333 2455 426 2495 loco
446 2456 494 2495 de
517 2454 588 2495 isto
610 2468 775 2509 genere,
806 2469 833 2495 v
849 2469 865 2494 1
883 2468 911 2495 ’r
924 2469 1024 2496 va
1037 2471 1052 2496 1
1066 2471 1121 2498 vs
1151 2459 1367 2513 phthificis,
1391 2468 1432 2501 et

330 2524 356 2552 Ρ
370 2525 396 2552 L
409 2525 426 2551 Ι
439 2525 469 2551 N
482 2526 499 2551 ι
513 2525 540 2550 v
551 2523 570 2550 s
597 2511 823 2564 purulentis
857 2511 1224 2556 exulcerationibus
1254 2515 1433 2568 pectoris

335 2567 621 2621 pulmonisque
644 2568 796 2608 mederi
820 2568 995 2608 tradunt.

261 2621 305 2675 d)
335 2624 595 2720 Igefiiffliment.
619 2625 702 2664 Fac.
724 2623 801 2665 ΙΙΙ.
831 2634 894 2675 38.
920 2637 1066 2680 p.·119.
1084 2627 1137 2669 T.
1152 2626 1208 2668 II.
1236 2627 1340 2684 Opp.
1369 2628 1430 2670 ed.

375 2693 396 2719 a
445 2710 454 2717 -
489 2694 607 2733 1549·
