1701 2990
285 244 358 301 42
490 242 982 284 MISCELLANEA
1016 243 1293 284 MEDICA*
1360 250 1369 270 -’

289 374 481 406 terarum
503 374 545 405 et
563 360 849 407 litteratorum
879 374 1107 423 patronus,
1148 357 1307 406 illustre
1338 360 1501 407 Britan-

287 437 382 481 niae
404 436 546 490 decus,
577 434 618 481 R
633 435 647 481 I
663 431 1031 484 CHARDVS
1069 431 1228 482 ΜΕΑ
1243 435 1304 482 D.
1385 439 1502 484 Bene

287 511 467 574 quidem
488 512 631 564 calluit
660 511 825 558 arabice
853 510 1141 558 Damascenus
1170 511 1241 558 ille
1273 507 1502 558 SALG-

287 583 407 633 ΜΟ
451 585 544 633 ΝΕ
557 584 602 633 G
615 586 656 634 R
670 587 685 632 1
699 623 711 645 ,
749 590 824 652 qui
853 589 962 633 mihi
983 587 1245 634 Christianus
1265 586 1402 634 Arabs
1428 602 1503 634 aut

285 664 421 725 Syrus
442 663 611 709 videtur
641 661 774 710 fuiffe.
858 664 942 710 Sed
962 664 1058 709 ideo
1080 665 1182 710 huic
1205 665 1378 725 negotio
1411 681 1502 709 non

289 735 376 786 fuit
407 755 542 803 aptus.
647 744 757 788 Non
788 739 926 787 statim
956 739 1092 803 potest
1123 741 1287 804 aliquss,
1319 742 1394 803 qui
1423 740 1502 809 lin-

288 831 420 875 guam
445 816 634 880 aliquam
652 816 783 863 habet
803 816 1089 875 vernaculam,
1118 815 1249 862 libros
1270 819 1314 862 in
1337 833 1386 862 ea
1405 814 1502 862 scri-

286 906 384 955 ptos
412 893 650 953 intelligere
681 909 721 938 et
748 895 1028 957 interpretari.
1131 895 1292 939 Sartori
1317 891 1502 938 Parifino

288 967 440 1013 demus
473 965 947 1026 BOILAVIVM‚
985 969 1130 1030 Anglo
1156 985 1308 1015 nautae
1341 966 1502 1014 MIL-

289 1041 604 1102 TONVM,
649 1048 810 1091 Batauo
849 1043 1005 1091 lanifici
1054 1041 1501 1102 HOOFDIVM,

287 1134 330 1165 et
353 1120 608 1177 videbimus,
631 1139 763 1186 quam
792 1121 1008 1186 praeclare
1048 1121 1110 1168 illi
1149 1122 1349 1168 homines
1380 1119 1501 1168 suam

289 1195 486 1256 linguam
516 1198 704 1244 calleant.
776 1199 898 1244 Idem
936 1198 1084 1244 accidit
1122 1199 1183 1244 illi
1223 1197 1500 1244 Damasceno.

288 1272 450 1318 Nudus
490 1289 579 1320 erat
618 1276 739 1319 omni
774 1273 949 1320 historia
983 1291 1023 1320 et
1062 1275 1295 1320 litteratura
1323 1273 1502 1330 arabica,

286 1349 408 1412 quod
428 1350 494 1395 vel
515 1350 614 1396 inde
636 1364 761 1414 patet.
842 1355 1023 1397 Nomen
1045 1349 1186 1414 ipsum
1204 1349 1388 1398 austoris
1408 1367 1505 1415 per-

286 1423 403 1470 verse
441 1426 557 1487 legit,
605 1442 647 1473 et
693 1421 846 1471 ABV
889 1422 1177 1474 OSBAIA
1222 1428 1379 1484 extulit,
1427 1430 1504 1491 qui

286 1496 438 1548 ABV
477 1498 754 1549 OSEIBA
791 1501 859 1549 est.
925 1508 976 1549 In
997 1504 1067 1549 illa
1089 1521 1264 1568 quoque
1286 1503 1506 1549 celeberri-

287 1580 351 1624 mi
383 1577 497 1625 casus
529 1580 782 1637 narratione,
812 1581 962 1625 ruinae
994 1583 1202 1626 nimirum
1231 1580 1512 1646 Barmakidaj

286 1672 401 1713 rum,
435 1654 573 1702 omifit
601 1655 758 1714 versus,
794 1674 903 1720 quos
937 1674 1025 1702 non
1055 1657 1316 1718 intelligebat
1337 1656 1502 1713 scilicet,

287 1733 400 1778 vnde
422 1748 565 1777 tamen
587 1748 673 1777 tota
700 1733 771 1777 illa
797 1733 1013 1778 luculenta
1041 1731 1214 1780 historia
1235 1734 1376 1780 lucem
1398 1736 1504 1779 acci-

286 1810 350 1872 pit
379 1811 610 1868 egregiam,
640 1825 680 1854 et
711 1808 762 1854 fic
790 1810 1087 1873 pulcherrimo
1120 1813 1291 1873 corpori
1314 1810 1502 1856 ocellum

286 1886 409 1930 eruit.
477 1886 812 1931 Tantummodo
835 1888 910 1931 ait:
934 1883 1098 1932 cecinit
1117 1881 1307 1947 musteus
1322 1879 1503 1956 aliquot

286 1955 462 2024 vetfits.
547 1965 655 2008 Sane
676 1964 803 2007 nimis
827 1963 961 2008 multa
980 1961 1083 2009 scire
1103 1962 1239 2018 debet,
1267 1965 1343 2028 qui
1374 1961 1502 2009 histo-

287 2040 427 2086 ricum
449 2056 536 2084 non
557 2038 746 2085 Arabem
779 2054 956 2094 tantuin,
998 2038 1067 2085 sed
1089 2057 1392 2105 quemcunque
1413 2055 1502 2086 tan-

290 2117 402 2169 dem,
434 2114 542 2161 bene
564 2131 605 2161 et
624 2116 841 2179 praeclare
873 2116 964 2161 vult
992 2118 1272 2179 interpretari.
1341 2119 1500 2180 Exper-

288 2208 356 2238 tus
377 2189 559 2246 affirmo,
596 2189 762 2238 facilius
793 2190 883 2248 effe,
917 2194 1024 2238 duos
1043 2192 1200 2259 poistas
1218 2195 1503 2257 interpretari,

289 2286 420 2334 quam
444 2287 578 2316 vnum
600 2262 877 2328 hzstoricmn.
961 2273 1081 2315 Vetti
1107 2267 1326 2333 superiore
1356 2269 1503 2316 hieme

289 2348 500 2406 integram
527 2342 569 2390 A
584 2338 1308 2415 BVLFEDAEgqumphicrm,
1330 2361 1371 2392 et
1392 2346 1502 2392 duos

288 2425 462 2468 trientes
482 2416 723 2468 annalium
742 2415 1104 2481 llffoslelnicorum
1124 2423 1329 2468 eiusdem.
1432 2422 1503 2469 Ad

290 2515 399 2563 quos
421 2497 550 2545 libros
571 2498 599 2545 fi
630 2501 725 2563 quis
758 2498 918 2545 iustum
939 2501 1298 2546 commentarium
1320 2497 1502 2546 scribere

289 2575 428 2635 vellet,
456 2593 543 2624 non
565 2576 727 2633 modio,
763 2574 833 2625 sed
851 2577 990 2644 plenis
1010 2576 1176 2625 horreis
1197 2573 1342 2623 forent
1360 2575 1502 2622 adme-

1398 2667 1503 2699 tien·
