1701 2990
311 233 388 293 92
509 235 586 276 DE
624 235 874 276 MANNA
910 236 1343 279 EBRAEORVM.

309 348 522 416 professor
543 354 687 411 regiae
717 351 956 399 academiae
973 352 1179 399 Aboenfis
1202 348 1248 415 π>
1281 370 1323 401 et
1357 352 1535 402 dofflffi—

309 445 410 474 mus
441 430 924 475 BOVSSIERIVS:
962 445 1007 475 vt
1025 431 1194 490 Anglus
1225 430 1314 485 iste,
1350 434 1425 494 qui
1453 433 1535 479 hu·

308 505 375 550 ius
407 506 487 550 viri
516 521 564 550 ea
597 503 650 550 de
682 521 729 549 re
759 507 1051 568 experimenta
1082 506 1246 553 ciuibus
1275 505 1358 553 suis
1392 525 1534 572 nuper

308 578 510 643 exposuit,
544 581 662 626 hunc
682 581 900 644 liquorem
924 584 1088 629 nemini
1108 599 1230 629 antea
1250 580 1371 631 fuisse
1393 583 1534 631 obser·

305 671 456 703 vatum
476 655 581 703 falso
604 655 787 704 iaE'taret.
821 653 864 718 ⁰)

851 764 883 819 ς.
923 764 977 807 v.

717 829 902 882 Manna
936 829 1111 897 semen.

451 934 674 980 Praeterea
703 945 872 980 manna
894 933 1201 982 circumfertur
1233 934 1324 990 alia,
1358 949 1453 982 tum
1474 934 1527 982 ab

299 1023 361 1062 ea,
405 1023 517 1072 quae
560 1011 738 1075 proprie
783 1010 951 1065 dicitur,
1001 1028 1096 1058 tum
1135 1031 1157 1058 a
1188 1011 1316 1058 melle
1356 1010 1524 1059 roscido

296 1083 472 1150 prorsus
505 1086 683 1144 diuersa,
722 1089 885 1152 quippe
898 1085 1134 1149 fi’minum
1167 1106 1189 1134 e
1223 1105 1395 1150 genere,
1434 1105 1523 1134 non

291 1156 545 1224 flaccorum.
621 1165 771 1209 Paucis
804 1180 844 1209 et
874 1164 980 1211 haec
1013 1166 1258 1226 attingenda
1281 1163 1340 1210 est
1366 1181 1522 1211 eorum

293 1240 442 1298 gratia,
487 1240 562 1301 qui
589 1237 687 1284 sunt
715 1242 760 1284 in
787 1239 993 1287 botanicis
1013 1244 1158 1287 minus
1183 1239 1344 1286 versati.
1415 1242 1521 1286 Bina

292 1315 383 1360 eius
416 1312 514 1360 sunt
544 1332 715 1375 genera.
828 1317 1028 1364 Alterum
1059 1317 1273 1381 quaedam
1298 1314 1457 1383 panici
1475 1317 1518 1379 ό)

290 1388 448 1454 species
473 1388 635 1447 ferunt,
669 1409 831 1458 eaeque
835 1390 1034 1455 sbtiucze
1054 1392 1204 1459 paffim
1234 1411 1313 1458 per
1335 1395 1519 1441 Germa-

292 1469 423 1523 niam,
435 1466 613 1537 granis
625 1462 753 1515 milio
760 1463 929 1533 simile,
943 1465 1091 1517 colore
1101 1466 1519 1529 varium,fc1rinae

274 1535 592 1605 flauefiz‘ntis‚
606 1563 685 1592 nec
701 1537 1142 1611 admodzmzsblidae.
1173 1547 1374 1593 Alterum
1386 1559 1515 1592 man-

286 1615 375 1667 καθ’
396 1615 668 1669 Poloniczcae
698 1626 877 1670 nomine
910 1623 1178 1684 insignitum,
1219 1622 1405 1669 filuestre
1439 1621 1512 1679 est,

285 1699 331 1742 in
352 1698 542 1752 Polonia,
572 1700 814 1755 Lithuania‚
847 1703 956 1746 circa
978 1700 1206 1754 Viadrum,
1239 1702 1284 1745 in
1309 1702 1449 1746 Dania
1468 1715 1511 1745 et

284 1776 436 1820 Suecia
452 1772 671 1839 frequens,
711 1777 814 1822 locis
838 1776 1002 1841 aquofis
1027 1793 1068 1823 et
1089 1775 1316 1841 paludoiis.
1386 1777 1508 1821 Plan-

284 1866 337 1904 ta,
358 1851 472 1897 vnde
496 1853 724 1914 colligitur,
748 1846 1148 1914 Festltcaflltitcms
1170 1851 1207 1911 ⁶)
1230 1851 1353 1899 dista.
1395 1855 1507 1898 Eam

281 1943 383 1973 cum
404 1927 565 1975 semine
588 1927 798 1996 descripsit
828 1933 872 1975 in
899 1932 1052 1995 primis
1086 1929 1214 1976 celeb.
1251 1932 1506 1975 SCHRE·

1285 2008 1504 2052 BERVS

331 2098 372 2146 z)
398 2095 442 2135 In
463 2096 526 2135 der
553 2095 751 2148 Gcschichte
771 2097 829 2136 des
852 2095 1107 2151 Honigthaues‚
1126 2108 1229 2149 quae
1253 2102 1364 2136 extat
1377 2096 1420 2135 in
1439 2096 1504 2134 der

404 2151 531 2206 kenigl.
554 2152 710 2192 Schwed.
730 2154 914 2192 Acadcmic
934 2155 998 2192 der
1019 2152 1219 2205 thffitnsch.
1240 2152 1414 2191 Ahhandl.
1436 2166 1502 2190 aus

402 2209 466 2247 der
491 2208 711 2248 Naturlehre
742 2208 819 2251 &c.
866 2210 1018 2260 atffdas
1037 2209 1120 2247 Iahr
1153 2211 1243 2257 1762.
1271 2207 1314 2247 Β.
1339 2206 1498 2248 XXIV.

400 2276 439 2316 p.
479 2275 540 2315 87.
599 2278 650 2303 ex
684 2266 1014 2319 interpretatione
1051 2263 1291 2305 Germanica
1334 2262 1498 2303 illustris

401 2334 743 2362 KAESTNERL

328 2376 370 2424 a)
399 2375 444 2414 ln
472 2377 529 2415 the
550 2379 696 2416 London
718 2378 915 2431 [Wagazine
944 2377 970 2417 l.
995 2376 1107 2430 supra
1128 2375 1302 2415 laudato.

327 2431 367 2480 b)
396 2433 566 2471 Panicum
579 2434 749 2472 Italicum.
777 2447 900 2473 LtNN.
916 2435 974 2486 Sp.
990 2434 1046 2471 Pl.
1061 2436 1167 2485 p.56.
1181 2429 1275 2471 T.I.
1305 2429 1494 2470 Panicum

405 2487 689 2529 Germanicum
714 2488 796 2529 fiue
837 2489 1020 2542 panicula
1064 2489 1231 2528 minore.
1324 2498 1492 2526 nava.

404 2545 486 2584 Pin.
519 2560 581 2596 27.
611 2545 788 2587 Gramen
817 2546 1011 2601 daftylon
1037 2544 1294 2585 esculentum.
1324 2554 1493 2583 BAvfl.

407 2602 489 2639 Pin.
525 2613 557 2646 3.

331 2656 366 2706 c)
401 2669 547 2700 Lle.
576 2661 637 2714 Sp.
670 2659 727 2701 Pl.
755 2671 792 2713 p.
824 2672 890 2710 75.
