1701 2990
542 229 1054 293 PRAEFATIO.
1221 228 1413 288 XXXI

188 365 434 430 stituerat‚
518 365 562 417 C
583 368 621 415 E
641 370 683 414 L
705 366 735 414 S
760 365 778 412 Ι
804 366 820 411 1
893 354 1284 413 Hierobotanicon
1360 371 1414 411 et

191 446 235 493 G
254 445 296 492 L
317 441 365 491 A
390 445 417 492 S
440 445 468 492 S
491 444 509 490 Ι
532 445 551 490 1
585 436 888 511 Philologiam
917 438 1107 489 Sacram
1141 434 1416 488 auc‘horem

189 520 390 587 prodire.
412 516 608 576 iubere3
640 515 727 568 sed
748 515 886 576 haee,
916 526 967 564 vt
989 512 1142 564 multa
1164 510 1250 563 alia
1271 529 1414 581 prae-

189 594 317 647 clara
349 611 530 664 opera,
568 607 733 646 morte
765 602 1062 662 praeuentus
1103 590 1279 656 exequi
1310 605 1416 642 non

187 682 367 739 potuit.

340 821 603 889 Reliquum
638 819 722 885 est,
771 832 842 886 vt,
888 835 1039 887 quare
1080 817 1166 871 ista
1205 818 1310 872 RE
1319 819 1419 872 IS-

194 900 318 953 ΚΙΙ
354 915 405 951 et
437 901 481 949 F
495 902 538 949 A
563 900 601 950 Β
626 900 669 950 R
694 897 721 948 I
761 895 998 965 opuscula
1036 898 1218 948 iterum
1250 895 1418 949 edide-

192 979 317 1038 rim,
352 978 519 1043 paucis
552 974 823 1027 ostendam.
919 971 996 1025 Cl.
1042 974 1145 1025 RE
1154 974 1183 1023 I
1188 974 1226 1023 S
1233 974 1316 1024 ΚΙ
1334 973 1426 1025 VS

194 1055 295 1104 iam
334 1053 450 1104 inde
494 1049 553 1102 ab
594 1067 725 1102 anno
765 1052 1237 1118 Cspspcdiizxxvfl]
1278 1063 1331 1102 vt
1361 1067 1423 1101 ex

194 1126 580 1197 praefatiuncula
603 1126 839 1189 intellexi,
880 1125 1138 1178 confilium
1168 1125 1293 1177 istud
1328 1126 1422 1178 dis-

194 1205 474 1257 sertationis
503 1202 649 1255 altera
680 1217 816 1271 parte
837 1201 1072 1255 auelioris
1095 1202 1317 1254 edendae
1339 1221 1424 1255 ce-

196 1296 356 1352 perat,
392 1283 510 1357 quia
538 1295 691 1353 pauca
727 1283 830 1332 eius
865 1274 1087 1330 mandata
1117 1280 1241 1351 typis
1272 1296 1424 1331 exem-

196 1358 360 1434 plaria
382 1372 566 1409 tantum
594 1375 679 1408 non
712 1359 866 1407 omnia
896 1355 1160 1421 manserant
1179 1357 1229 1406 in
1250 1354 1426 1432 Βεζξίο,

200 1451 348 1509 neque
374 1430 575 1486 habehat
606 1435 654 1483 in
681 1434 893 1506 patriam
922 1429 1122 1498 relatus,
1150 1428 1273 1506 quod
1297 1447 1427 1486 vete-

201 1512 336 1579 ribqs
371 1513 538 1562 amicis
576 1524 623 1561 et
654 1512 868 1582 patronis
906 1504 1066 1580 cupide
1082 1506 1427 1582 flagitantibus

203 1583 461 1653 exhiberet,
485 1601 533 1638 et
561 1600 811 1654 praeterea
841 1583 1062 1646 nonnulli,
1093 1589 1179 1660 qui
1207 1583 1427 1638 viderant

205 1668 439 1718 Batauum
483 1660 735 1734 exc‘mplar,
776 1658 894 1713 doc‘lz'
936 1659 1136 1716 homines
1172 1659 1430 1737 censebant,

203 1740 377 1794 allatas
417 1743 466 1791 in
502 1758 550 1791 eo
583 1736 921 1805 obseruationes
957 1735 1125 1814 dignas
1154 1739 1264 1807 esst,
1307 1758 1430 1815 quae

205 1816 491 1888 vulgatiores
506 1815 701 1883 fierent.
805 1816 900 1868 Sed
933 1814 1002 1867 ob
1033 1816 1345 1868 timiditatem
1379 1830 1430 1870 et

204 1893 595 1962 bibliopolarum
627 1892 1051 1960 tergiuersationes
1073 1910 1097 1943 a
1121 1892 1324 1945 confilio
1347 1894 1432 1946 de-

207 1973 353 2036 stitit,
404 1971 567 2022 donec
611 1967 758 2030 mihi,
811 1987 928 2020 eum
963 1967 1150 2038 Lipsiae
1188 1970 1434 2034 inuffend,

207 2048 338 2100 hanc
368 2045 656 2099 facultatem
688 2047 842 2097 daret.
942 2045 1170 2098 Similiter
1203 2046 1276 2098 Cl.
1306 2049 1434 2098 FA-

209 2126 360 2177 BER
411 2123 602 2175 dudum
643 2121 739 2175 tale
781 2120 1068 2185 confilium,
1121 2124 1436 2176 medicorum

211 2200 434 2254 Arabum
465 2198 745 2266 fragmenta
778 2199 973 2263 edendi,
1006 2199 1211 2268 suasque
1232 2198 1285 2251 de
1305 2218 1438 2252 man-

210 2296 274 2330 na
304 2275 592 2329 Ebraeorum
632 2276 985 2327 differtationes
1026 2273 1273 2328 {meliores
1316 2278 1438 2329 adii-

213 2355 375 2407 ciendi
416 2355 604 2405 inierat.
712 2353 1003 2405 Tradendas
1038 2356 1186 2422 igitur
1217 2356 1263 2404 ei
1298 2370 1435 2405 meas

213 2444 372 2498 partes
401 2433 588 2499 putaui,
620 2431 800 2498 quippe
832 2428 933 2480 hoe
965 2432 1015 2480 in
1046 2429 1318 2482 litterarum
1350 2449 1439 2499 ge-

211 2525 332 2561 nere
361 2506 677 2561 versatissimo
705 2518 755 2558 et
787 2508 902 2560 artis
923 2507 1148 2560 medicae
1176 2525 1282 2560 non
1301 2510 1440 2576 igna-

1363 2600 1442 2648 το,
