1701 2990
301 208 411 265 144
807 210 1039 253 INDEX.

295 316 595 371 Montanabbius‚
624 319 752 370 poe'ta
781 317 910 362 Arabs
939 322 1006 371 76.
1056 320 1144 363 eius
1168 321 1380 378 descriptio
1401 325 1528 370 febris

295 428 472 481 Morhilli,
505 441 544 469 v.
577 429 618 469 V
612 430 758 470 ariolae.
1392 382 1446 422 lb·
1473 383 1527 438 ἡ.

296 540 478 593 Nawafil,
505 540 671 581 morbus
693 541 888 596 incertus,
901 490 1067 598 {nando
1088 545 1264 598 primurn
1285 548 1470 601 apparuit
1490 563 1529 599 9.

346 609 397 636 an
416 597 657 637 exanthema
675 600 876 650 quoddam
1479 617 1528 642 10

294 653 473 716 Niebtfh3·‚
502 665 630 706 pauca
655 653 778 695 habet
798 658 848 695 de
865 668 1012 696 manna
1032 656 1234 708 orientali,
1262 659 1364 700 nihil
1393 659 1444 700 de
1468 658 1527 700 Si-

345 716 496 749 naltica
1448 730 1464 755 1
1477 730 1491 755 1
1506 728 1521 755 ι

293 821 389 876 Offa,
420 821 490 875 qui
509 821 618 862 inter
640 821 796 863 Arabes
815 768 965 918 fine}is
984 829 1103 865 natus
1475 841 1491 867 1
1503 841 1523 866 2

287 934 425 974 Partus
440 933 596 986 slot-otini
620 934 807 988 exempla
825 949 887 991 ap.
908 910 1069 977 Arabes
1094 951 1145 987 24
1163 936 1215 992 sq.
1262 938 1361 978 item
1380 949 1523 992 praeco-

343 993 393 1029 cis
1471 996 1521 1033 26

286 1046 412 1093 Penis,
441 1045 709 1087 inflammatio
731 1047 819 1088 eius
842 1061 892 1088 ex
912 1047 1132 1088 concubitu
1152 1049 1312 1100 impuro
1337 1052 1402 1089 61.
1436 1062 1524 1089 cru-

342 1103 448 1143 delis
469 1103 626 1142 curatio
657 1103 710 1143 ib.
757 1117 809 1144 an
837 1104 932 1144 hinc
958 1103 1039 1144 luis
1069 1117 1265 1144 venereae
1293 1106 1524 1159 exemplum

340 1159 562 1211 petendum
1461 1161 1518 1200 ib.

285 1214 454 1273 J'hthifis,
485 1213 645 1267 quando
666 1214 843 1265 primum
862 1213 904 1253 in
923 1214 1070 1256 Arabia
1086 1214 1357 1257 animaduersa
1379 1226 1442 1262 28.
1469 1228 1521 1255 an

337 1271 430 1312 satis
452 1283 548 1311 vere
572 1284 635 1319 30.
668 1269 827 1309 curatio
1468 1275 1515 1311 61

284 1328 456 1381 Pogypus,
481 1327 572 1367 eius
593 1326 748 1366 mentio
769 1326 851 1366 iam
871 1327 978 1379 apud
997 1326 1155 1368 Arabes
1403 1327 1518 1383 zzsq.

285 1440 408 1493 Rases,
434 1453 483 1480 ex
505 1437 620 1479 cuius
647 1438 675 1479 1.
702 1455 738 1491 9.
760 1437 932 1478 Mansur.
958 1438 1161 1481 indiculus
1181 1438 1360 1492 capitum
1394 1442 1444 1489 64
1464 1437 1520 1492 sq.

340 1496 543 1550 specimen
561 1496 668 1536 arab.
693 1508 787 1535 cum
811 1495 995 1536 verfione
1389 1510 1437 1546 71
1463 1493 1519 1549 sq.

284 1554 362 1593 Ros
382 1554 541 1599 melleus,
570 1565 608 1592 v.
634 1552 715 1590 Mel
728 1552 910 1604 roscidum.

282 1665 449 1719 Sanguis,
473 1664 561 1704 eius
582 1663 716 1703 fluxus
736 1663 784 1703 ab
807 1663 1007 1719 deglutita
1025 1663 1211 1704 hirudine
1465 1666 1516 1704 6'1

284 1721 399 1773 Satih,
427 1719 510 1761 fine
529 1719 677 1760 offibus
701 1727 820 1759 natus
1467 1734 1516 1760 12

285 1778 405 1817 Sudor
412 1776 647 1831 sanguineus,
674 1783 838 1816 curatus
1463 1779 1519 1817 60

285 1833 467 1883 Synochus
488 1833 650 1887 putrida,
681 1833 770 1872 eius
790 1846 840 1873 ex
859 1831 1040 1885 Abulfeda
1061 1829 1274 1884 descriptio
1389 1845 1439 1880 30
1462 1831 1515 1886 sq.

285 1945 465 1992 Variolae,
503 1945 551 1985 ab
572 1944 774 1986 Arabibus
805 1948 846 1986 in
867 1918 1108 2000 Aegyptum
1129 1940 1325 1983 deduftae
1359 1952 1393 1988 8.
1448 1942 1519 1996 qui

336 2001 385 2041 ab
405 2001 672 2042 orientalibus
693 2002 853 2055 populis
875 2003 1050 2053 primum
1067 2006 1310 2052 acceperunt
1337 1999 1389 2039 ib.
1437 1999 1518 2037 Elm

334 2058 482 2097 Doreid
509 2058 587 2098 hoc
608 2059 819 2099 annotauit
855 2069 872 2104 8
902 2064 945 2098 et
968 2072 1028 2097 ιο.
1080 2056 1352 2108 Aethiopibus
1371 2055 1517 2096 deben-

388 2127 405 2153 r

283 2171 324 2212 V
321 2120 497 2222 otrljitoria,
525 2171 567 2211 in
586 2169 906 2211 inflammatione
928 2168 1142 2211 ventriculi
1167 2168 1328 2223 peffima
1463 2128 1514 2209 ag

280 2285 459 2334 Warner,
490 2284 577 2325 eius
599 2285 744 2325 merita
768 2299 831 2334 32.
862 2230 950 2324 gd.
973 2286 1014 2325 in
1034 2283 1135 2323 Bibl.
1161 2282 1271 2323 Leid.
1300 2280 1428 2336 qualis
1462 2295 1519 2330 32

333 2340 386 2393 sq.
416 2341 504 2380 eius
526 2341 737 2396 descriptio
759 2349 801 2381 et
823 2339 963 2381 diuifio
992 2355 1053 2390 33.
1096 2353 1236 2394 parum
1265 2352 1402 2379 rerum
1429 2350 1512 2394 me7

334 2397 515 2436 dicatum
550 2399 734 2438 continet
766 2397 818 2439 ib.
871 2406 1007 2437 tamen
1046 2397 1277 2437 curationes
1320 2395 1512 2449 quasdam

332 2453 620 2495 Mohhanmaadis
655 2469 705 2506 34
725 2454 776 2509 sq.
820 2460 862 2494 et
896 2453 1088 2508 simplicia
1119 2453 1313 2508 quaedam
1340 2451 1512 2492 medica-

330 2515 466 2550 menta
1457 2522 1509 2559 39

759 2588 1031 2665 2²³1,ssss
