1701 2990
311 223 417 280 130
547 224 625 265 DE
665 223 920 264 MANNA
962 223 1278 266 ARABICA.

304 335 743 399 PLAM1N1VS‚
778 334 1434 404 TOVRNEFORTVS,
1471 359 1529 390 te-

307 415 388 462 stes
401 415 569 462 oculati.
627 416 708 461 Sed
721 416 946 461 orientales
957 415 1045 479 ipfi,
1059 435 1324 480 quamquam
1337 417 1530 466 excusare

306 493 446 538 voluit
474 489 519 536 N
533 491 549 536 l
562 491 599 537 E
611 489 647 536 B
661 492 701 536 V
713 491 759 537 H
771 490 839 537 Rl
855 491 895 536 V
910 492 954 549 S,
993 495 1038 537 in
1073 511 1121 538 ea
1142 496 1346 557 opinione
1363 498 1530 540 verian-

305 582 391 622 tur‚
413 559 764 634 Ierengabinam
784 570 893 613 roris
913 567 1041 613 instar
1062 569 1113 614 de
1136 570 1251 615 ca'elo
1275 568 1399 634 super
1418 572 1531 617 hanc

305 644 500 707 plantam
523 643 685 689 cadere.
743 643 881 707 quue
903 661 991 690 non
1012 644 1151 690 solum
1170 645 1415 709 plebeculae
1436 664 1533 710 per-

306 717 478 765 suasum
510 718 581 775 est,
629 719 700 765 sed
729 718 974 766 dofflffimis
1006 739 1182 785 quoque
1210 724 1306 768 viris
1320 759 1329 777 ,
1381 721 1418 768 E
1432 721 1470 768 Β
1485 719 1532 767 N

305 791 561 852 SINAE‚
632 792 1078 856 SERAPIONI,
1133 793 1535 862 MESVAEO,-

306 888 387 917 nee
418 889 508 918 non
530 872 727 918 Rabbino
759 870 792 917 P
807 870 844 917 E
857 870 907 918 T
920 868 969 918 Α
982 872 1023 920 C
1037 871 1085 918 H
1097 869 1175 919 [A
1186 873 1238 921 Ε.
1313 875 1437 922 Adeo
1460 893 1532 920 na-

306 963 429 994 turae
450 947 662 994 incuriosa
680 946 765 994 fuit
786 948 984 1004 vetustas,
1022 964 1068 996 vt
1086 946 1228 995 fallaci
1247 948 1446 997 sensuum
1467 968 1531 997 ar-

306 1023 435 1070 bitrio
466 1042 632 1089 parere,
673 1043 806 1089 quam
838 1026 1029 1072 adhibita
1067 1029 1223 1072 mentis
1265 1029 1350 1073 acie
1382 1045 1531 1074 veram

306 1103 371 1147 rei
392 1099 575 1147 caussam
600 1102 836 1162 intelligere
869 1120 915 1148 ac
947 1103 1177 1167 peruidere
1209 1104 1366 1159 mallet,
1405 1105 1531 1150 adeo-

307 1195 394 1241 que
422 1177 661 1241 priscarum
694 1180 955 1241 opinionum
985 1195 1119 1233 tenax,
1147 1195 1191 1225 vt
1219 1197 1272 1225 ne
1302 1181 1530 1227 oculorum

305 1254 488 1316 quidem
518 1256 784 1314 argumentis
814 1255 868 1301 ad
898 1272 1052 1302 verum
1076 1253 1423 1316 cognoscendum
1450 1272 1532 1303 tra-
1597 1252 1600 1255 Χ

308 1330 552 1379 duceretur.

806 1432 839 1489 ς.
886 1433 1036 1477 xxiv.

602 1497 956 1576 Terengabinae
995 1500 1251 1576 (leftriptio.

454 1602 540 1650 Etfi
570 1604 717 1669 plures
761 1603 956 1651 au301es
995 1606 1127 1651 huius
1180 1616 1374 1652 mannae
1412 1621 1534 1654 men-

310 1682 477 1727 tionem
505 1679 724 1727 fecerunt:
776 1697 933 1737 tamen,
978 1700 1088 1745 quae
1120 1700 1220 1728 vera
1257 1681 1305 1728 fit
1342 1685 1431 1729 eius
1469 1686 1533 1728 in-

311 1758 431 1803 doles
464 1775 510 1803 ae
544 1774 708 1813 natura,
741 1756 769 1803 fi
803 1776 826 1803 a
853 1754 1533 1820 FOTHERGILLIO'‘)

308 1831 548 1890 discesseris,
583 1852 851 1898 quamquam
873 1853 926 1880 ne
948 1837 981 1881 is
1005 1835 1182 1898 quidem
1206 1837 1421 1896 originem
1442 1838 1533 1882 eius

309 1913 530 1972 cognitam
554 1911 717 1966 habuit,
744 1929 874 1958 nemo
906 1910 1074 1976 copiose
1107 1910 1200 1957 satis
1234 1929 1279 1957 ac
1308 1912 1534 1973 diligenter

309 1990 538 2034 enarrauit.
613 1990 715 2035 Duo
737 1994 828 2037 eius
851 2005 1008 2050 genera
1031 1986 1273 2034 obseruauit
1294 1989 1344 2035 T
1358 1984 1532 2036 OVR·

306 2060 628 2112 NEFORT
644 2064 726 2112 VS
754 2066 823 2127 ⁸),
852 2066 1036 2111 alterum
1067 2057 1398 2125 mastichinum‚
1444 2067 1530 2111 hoc

309 2140 382 2197 est,
419 2141 595 2207 fimplex
624 2141 711 2188 siue
737 2140 911 2202 singulis
932 2145 1074 2203 granis
1097 2140 1310 2188 constans:
1348 2142 1533 2188 alterum

307 2212 583 2283 compagium
623 2218 709 2265 fiue
749 2220 793 2263 in
838 2217 1012 2265 niallam
1051 2217 1286 2265 redaElum.
1363 2222 1534 2266 Conue-

311 2298 440 2342 niunt
482 2298 593 2342 inter
632 2295 672 2341 se
708 2298 887 2356 origine,
931 2299 989 2351 vi,
1031 2295 1118 2350 vsu,
1160 2296 1327 2349 duritie,
1370 2294 1529 2360 sapore.

309 2374 369 2418 Vt
404 2375 521 2419 enim
559 2373 709 2419 eadem
745 2373 892 2436 planta
933 2370 1191 2427 funduntur,
1242 2375 1297 2418 ita
1335 2372 1532 2436 pondere

307 2448 618 2497 drachmarum
674 2452 802 2497 XXV.
848 2466 920 2496 aut
964 2451 1087 2497 XXX.
1126 2446 1271 2497 Sellae
1318 2446 1530 2496 infusione

1397 2523 1530 2591 liqua-

355 2597 399 2645 u)
428 2595 528 2637 Loc.
552 2595 663 2649 supra
683 2596 748 2637 cit.

356 2655 406 2702 x)
439 2654 584 2708 quage
604 2655 651 2693 du
673 2655 822 2703 Levant,
860 2651 909 2695 T.
925 2653 958 2694 Ι.
995 2664 1034 2707 p.
1060 2667 1147 2704 ¹²4·
