1701 2990
382 287 459 329 DE
499 285 752 327 MANNA
786 283 1221 326 EBRAEORVM.
1344 284 1417 343 95

196 404 308 470 plexi
335 403 442 451 sunt.
534 404 665 463 Quod
692 401 837 468 postea
861 419 949 448 non
971 399 1321 448 animaduersum
1345 416 1419 449 aut

127 538 132 540 ἡ
198 480 459 542 neglePwm,
502 480 622 526 haud
655 482 819 526 mirum
848 478 918 534 est,
962 496 1167 539 magnam
1197 476 1419 525 sententIa-

198 573 300 604 rum
336 557 661 620 discrepantiam
697 574 743 603 ac
775 572 925 602 rerum
956 555 1223 602 diuersarum
1252 569 1423 619 pertur-

197 634 417 681 bationem
454 629 672 696 peperisse.
755 635 925 678 Primus
959 634 1092 692 igitur
1121 633 1240 677 locus
1274 649 1322 677 ex
1354 633 1421 688 iis,

198 712 243 756 in
269 726 390 773 quos,
437 726 723 772 quaecunque
753 724 916 755 veteres
952 709 1003 754 de
1034 709 1118 754 hoc
1149 724 1308 768 genere
1341 722 1421 753 tra-

198 786 412 843 diderunt,
447 783 677 849 dispescere
706 785 857 849 placet,
907 781 966 829 est
993 784 1045 830 de
1068 778 1195 830 melle
1223 775 1423 844 roscido:

198 879 468 927 quamquam
499 877 540 907 et
569 862 700 907 huius
732 860 858 925 ipsius
892 861 1250 907 commemoratio
1281 877 1328 906 ac
1351 859 1422 906 de·

197 937 382 1004 scriptio,
425 955 533 1002 quae
579 936 727 1002 priscis
767 939 1026 984 Latinorum
1069 955 1116 984 ae
1148 939 1424 985 Graecorum

199 1017 496 1062 monumentis
548 1016 814 1072 continetur,
871 1012 1056 1078 speciem
1111 1013 1330 1077 quandam
1382 1028 1425 1060 et

198 1090 316 1155 quasi
338 1091 528 1137 colorem
550 1108 572 1135 a
603 1102 798 1136 mannae
819 1092 984 1135 ratione
1005 1106 1048 1136 et
1074 1090 1220 1136 indole
1242 1088 1425 1153 pessimo

199 1167 397 1231 exemplo
430 1181 626 1212 mutuata
663 1164 734 1211 est.
818 1167 888 1211 Ad
917 1166 1005 1211 mel
1032 1165 1248 1212 roscidum
1280 1168 1349 1222 ita,
1379 1181 1427 1212 vt

202 1244 299 1299 dixi,
333 1240 619 1289 informatum
644 1239 832 1306 spestare
856 1257 964 1307 puto
986 1243 1092 1288 haec
1111 1245 1142 1289 P
1157 1239 1426 1304 LINIIzg)

208 1317 349 1366 Venit
377 1311 479 1376 mel,
510 1321 664 1383 inquit,
691 1331 751 1364 ex
779 1318 906 1378 ae‘re,
940 1328 988 1365 et
1007 1317 1210 1366 maxime
1216 1310 1428 1380 fiderunt

199 1405 386 1454 exortu⁵
409 1393 750 1466 praecipueque
771 1390 861 1464 ipsi)
872 1391 1000 1460 sjtrio
1021 1388 1333 1465 exsplendente
1338 1389 1426 1458 fit,

202 1485 282 1521 nec
302 1471 477 1518 omnino
493 1469 630 1539 prius
660 1464 980 1540 Vergiliarum
1001 1482 1167 1519 exortu
1188 1467 1239 1538 ἢ)
1253 1463 1426 1535 sublu-

203 1547 333 1596 canis
353 1539 648 1616 temporibus.
736 1545 907 1617 ltaque
935 1559 1033 1596 tum
1056 1549 1218 1618 prima
1248 1561 1427 1596 aurora

187 1617 322 1686 folia
342 1616 560 1671 arborum
585 1616 715 1671 melle
741 1616 919 1688 roscida
949 1624 1262 1694 reperiuntur.
1357 1624 1428 1674 At

187 1695 242 1764 st
259 1700 344 1772 qui
364 1698 592 1748 matutino
616 1692 711 1763 sub
742 1693 814 1747 dio
838 1696 1002 1764 fuere,
1049 1694 1208 1749 vitelas
1241 1697 1427 1773 liquore

203 1771 346 1838 vestes
374 1770 683 1844 capillumque
714 1788 971 1825 concretum
1006 1772 1227 1839 sentiunt.
1326 1782 1428 1825 IO-

206 1857 451 1904 ANNES
507 1854 685 1918 quidem
747 1857 1140 1912 BAVHINVS,
1183 1848 1226 1915 i)
1293 1858 1428 1901 MA-

209 1934 508 1979 GNENVS
543 1930 585 1992 k)
634 1929 793 1994 aliique
825 1931 878 1977 de
910 1943 1079 1977 munna
1107 1933 1428 1979 PLINIVM

208 2010 344 2075 loqui,
368 2009 530 2073 opinati
550 2005 669 2059 sunt;
712 2009 1018 2055 LECHIVS
1042 2005 1082 2068 Ι)
1111 2022 1259 2055 contra
1286 2007 1338 2055 de
1359 2025 1428 2054 ro-

1378 2101 1428 2132 re

261 2212 309 2267 g)
342 2205 441 2251 Hist.
470 2206 564 2250 Nat.
584 2207 660 2250 XI.
689 2222 752 2249 12.

270 2267 314 2321 h)
344 2266 396 2307 H.
428 2279 463 2305 e.
502 2263 648 2306 ostano
677 2262 944 2307 Calendarum
971 2263 1138 2321 Aprilis,
1174 2263 1257 2306 fiue
1292 2264 1331 2305 d.
1363 2280 1429 2316 23.

335 2321 487 2373 Martii,
521 2329 564 2362 vt
587 2329 700 2362 notat
724 2335 1039 2363 IONSTONVS
1070 2323 1163 2373 Hist.
1193 2321 1365 2363 Natural.
1388 2323 1432 2362 de

336 2379 478 2431 Inseftis
499 2376 546 2417 L.
557 2377 590 2417 Ι.
609 2390 647 2431 p.
668 2388 728 2425 18.
788 2377 867 2419 Sed
888 2378 1093 2432 Vergilias
1118 2390 1234 2418 mane
1263 2378 1361 2418 oriri
1390 2378 1429 2418 d.

341 2450 404 2476 10.
453 2432 572 2481 Maii,
619 2434 741 2474 docet
795 2445 1102 2476 STAPELIVS
1159 2434 1208 2473 ad
1256 2446 1433 2474 THEO-

336 2497 572 2533 PHRAST.
598 2503 637 2543 p.
657 2505 745 2545 149.
785 2490 879 2531 coll.
905 2502 1179 2533 HAanzn.
1202 2490 1253 2531 ad
1287 2502 1431 2532 emm.

334 2544 411 2588 XI.
438 2551 474 2588 6.

272 2603 306 2650 ι)
338 2604 476 2654 Histor-
508 2601 671 2644 Plantar.
702 2604 811 2648 Vniu.
842 2599 894 2644 T.
913 2599 945 2642 I.
973 2614 1011 2657 p.
1031 2613 1116 2648 182-

273 2655 315 2705 k)
343 2657 370 2698 1.
391 2671 427 2698 c.
466 2670 503 2710 p.
529 2668 593 2702 28.

221 2739 226 2742 -
273 2713 315 2765 ι)
343 2713 370 2770 3-
393 2729 425 2759 c·
447 2726 487 2769 1³·
513 2722 575 2770 89³
600 2729 663 2767 902
