1701 2990
442 263 522 304 nn
562 261 816 302 MANNA
855 258 1178 301 ARABICA.
1319 261 1425 320 127

174 372 501 448 spinosttflore
524 370 704 426 rubro¹
692 378 743 436 ¹),
822 380 1138 424 CASPARO
1179 379 1423 422 BAVHI-

192 461 288 504 ΝΟ
293 449 481 526 ‹remsta
485 452 732 526 sparnum
739 449 974 522 spmosum
989 446 1126 515 foliis
1143 446 1351 522 pogygom'
1367 447 1425 515 ὲ).

722 572 757 639 ᾧ.
795 579 901 622 XXI.

677 654 958 728 Descriptio,

339 759 440 803 Nec
475 753 590 802 deest
622 755 674 801 ab
707 753 859 802 illustri
893 755 950 802 M
965 755 980 801 I
995 752 1037 804 C
1051 755 1103 802 H
1114 755 1158 802 A
1170 754 1207 801 E
1218 753 1289 802 LI
1303 754 1332 802 S
1361 773 1426 802 re-

192 831 342 898 quisita
362 830 530 879 fruticis
556 832 803 878 nobiliffimi
827 832 999 878 vberior
1022 831 1259 896 descriptio.
1336 834 1426 877 Pri-

191 927 312 956 mam
333 909 623 974 prodiderunt
654 905 756 954 ΒΑ
770 908 814 956 V
830 907 901 954 Vv'
919 905 967 956 Ο
982 908 1022 955 L
1035 907 1098 955 Fl
1114 909 1149 954 V
1165 908 1219 966 S,
1249 905 1337 955 FL
1350 908 1391 954 A
1405 934 1428 944 -

190 984 465 1032 MINIVS
495 1002 536 1032 et
572 981 920 1033 IOANNES
961 981 1355 1032 BAVHINVS
1375 977 1429 1047 ¹).

191 1063 275 1109 Sed
340 1063 478 1108 multo
549 1060 832 1125 copiosiorem
902 1062 1019 1107 dedit
1092 1059 1426 1122 elegantiffimus

192 1137 244 1184 T
258 1134 306 1185 O
318 1138 358 1181 V
372 1136 413 1184 R
427 1135 473 1182 N
486 1135 565 1183 EF
578 1136 626 1184 O
640 1136 680 1182 R
696 1137 747 1182 T
763 1136 802 1182 V
817 1137 846 1183 S
880 1137 945 1198 m),
993 1156 1042 1184 ex
1081 1155 1221 1201 eoque
1261 1153 1429 1183 contra*

191 1213 373 1261 &iorem
451 1210 499 1259 G
513 1211 549 1258 E
563 1210 611 1261 O
624 1211 656 1258 F
668 1211 700 1258 F
714 1211 754 1259 R
768 1210 817 1260 Ο
832 1211 879 1259 Y
891 1213 933 1259 V
946 1212 974 1259 S
1013 1213 1057 1273 η)
1069 1254 1078 1272 ,
1155 1231 1428 1277 quamquam

190 1288 341 1337 omisso
384 1289 435 1336 T
449 1286 498 1337 O
512 1288 553 1333 V
566 1287 607 1335 R
619 1286 666 1333 N
677 1288 713 1334 E
725 1288 757 1335 F
771 1287 818 1338 O
835 1288 875 1336 R
890 1288 973 1335 TI
1013 1294 1205 1336 nomine.
1303 1290 1429 1336 Radi-

192 1385 260 1413 ces
293 1367 462 1427 longae,
495 1364 694 1426 ligmsae,
727 1382 916 1429 quatuor
954 1367 1023 1412 vel
1066 1371 1261 1430 quinque
1296 1368 1429 1413 linea-

190 1460 296 1490 rum
327 1440 609 1497 craffitudine,
652 1440 808 1497 fuscae,
847 1441 966 1488 fibris
999 1444 1235 1498 vndulatis,
1274 1444 1430 1489 leuiter

192 1520 410 1584 capillatis.
493 1519 659 1577 Caules,
699 1518 857 1583 quibus
880 1516 1068 1577 fruticat,
1111 1535 1197 1566 tres
1230 1517 1323 1566 fere
1353 1537 1429 1584 pe-

194 1596 268 1642 des
292 1597 359 1641 vel
393 1594 589 1642 cubitum
627 1596 713 1653 alti,
753 1594 873 1641 binas
912 1598 1077 1642 circiter
1120 1597 1252 1642 lineas
1295 1595 1428 1652 erasti,

192 1691 243 1720 ex
277 1672 402 1718 viridi
434 1670 722 1735 pallescentes,
761 1672 918 1727 laeues,
964 1672 1073 1727 duri,
1115 1671 1332 1728 flexibiles,
1372 1673 1427 1718 ab

190 1750 282 1795 imo
302 1747 468 1803 ramosi,
500 1745 615 1794 foliis
639 1748 896 1803 lanceolam,
937 1751 1147 1804 maximis,
1166 1747 1329 1813 septem
1352 1765 1426 1795 aut

192 1823 291 1884 offilo
314 1825 446 1870 lineas
466 1824 620 1884 longis,
652 1840 738 1870 tres
762 1824 867 1879 latis,
902 1842 950 1870 ex
973 1826 1097 1871 viridi
1118 1826 1300 1889 pallidis,
1340 1826 1427 1886 gla-

191 1902 294 1956 bris,
328 1900 490 1965 petiolo
517 1901 756 1946 admodum
780 1900 904 1946 breui
926 1899 1095 1956 suffixis,
1121 1902 1172 1946 ad
1195 1901 1309 1947 basin
1319 1904 1427 1961 {acu-

192 1980 260 2033 τίς,
301 1978 355 2023 ad
387 1993 628 2023 extremum
661 1976 915 2032 rotundatis,
961 1994 1034 2023 aut
1067 1979 1222 2024 leuiter
1244 1981 1427 2039 emargi-

193 2056 322 2110 natis,
364 2052 530 2118 saepius
569 2052 817 2117 cuspidatis,
870 2071 892 2098 a
931 2054 1062 2101 latere
1107 2056 1258 2101 aculeo
1301 2055 1426 2110 duro,

191 2133 388 2195 quinque
409 2130 541 2176 lineas
574 2130 642 2175 vel
674 2130 880 2193 pollicem
908 2130 1055 2192 longo,
1096 2148 1119 2175 a
1150 2130 1234 2177 basi
1265 2132 1427 2177 lincam

193 2204 335 2266 erasto,
368 2208 414 2253 in
447 2206 767 2268 longitudinem
798 2204 956 2264 striato,
992 2208 1045 2254 ad
1067 2223 1309 2255 extremum
1330 2208 1426 2255 sub-

1323 2282 1426 2331 rufo

249 2411 286 2458 i)
317 2408 368 2448 Iti
368 2422 487 2448 nerar
515 2421 564 2449 ex
586 2406 698 2453 Vers.
722 2406 825 2450 Gall.
852 2417 915 2454 82.

247 2464 290 2515 ἢ)
322 2467 404 2504 Pin
440 2479 531 2517 394·

246 2521 285 2571 l)
324 2519 450 2561 Locis
476 2520 662 2563 laudatis.

230 2583 287 2628 m)
305 2577 444 2615 Relatio
447 2577 571 2617 ndun
596 2579 741 2632 Voyage
761 2577 872 2617 deLe
854 2577 1128 2632 eviantfiztpar
1145 2577 1264 2619 Ordre
1285 2577 1428 2623 duRoi

323 2630 443 2672 Tom.
460 2631 492 2674 I.
518 2645 557 2685 p.
586 2648 676 2683 123.

246 2689 292 2742 n)
320 2689 465 2732 Mater.
486 2689 626 2732 Medic.
647 2688 690 2731 Ρ
706 2688 761 2737 Π
788 2702 826 2745 Ρ
842 2700 933 2741 888
