<?xml version="1.0" encoding="UTF-8"?>
<!DOCTYPE html PUBLIC "-//W3C//DTD XHTML 1.0 Transitional//EN"
    "http://www.w3.org/TR/xhtml1/DTD/xhtml1-transitional.dtd">
<html xmlns="http://www.w3.org/1999/xhtml" xml:lang="en" lang="en">
 <head>
  <title>
</title>
<meta http-equiv="Content-Type" content="text/html;charset=utf-8" />
  <meta name='ocr-system' content='tesseract 3.04.00' />
  <meta name='ocr-capabilities' content='ocr_page ocr_carea ocr_par ocr_line ocrx_word'/>
</head>
<body>
  <div class='ocr_page' id='page_1' title='image "./ioannisiacobirei00reisuoft_0073.png"; bbox 0 0 1701 2990; ppageno 0'>
   <div class='ocr_carea' id='block_1_1' title="bbox 324 238 1401 297">
    <p class='ocr_par' dir='ltr' id='par_1_1' title="bbox 324 238 1401 297">
     <span class='ocr_line' id='line_1_1' title="bbox 324 238 1401 297; baseline 0 -17"><span class='ocrx_word' id='word_1_1' title='bbox 324 239 413 280; x_wconf 69' lang='lat' dir='ltr'>Ex</span> <span class='ocrx_word' id='word_1_2' title='bbox 446 238 741 280; x_wconf 82' lang='lat' dir='ltr'>ARABVM</span> <span class='ocrx_word' id='word_1_3' title='bbox 777 238 1246 280; x_wconf 80' lang='lat' dir='ltr'><strong>MONIMENTls.</strong></span> <span class='ocrx_word' id='word_1_4' title='bbox 1333 241 1401 297; x_wconf 86' lang='lat'>33</span> 
     </span>
    </p>
   </div>
   <div class='ocr_carea' id='block_1_2' title="bbox 160 353 1400 2159">
    <p class='ocr_par' dir='ltr' id='par_1_2' title="bbox 160 353 1400 2107">
     <span class='ocr_line' id='line_1_2' title="bbox 171 353 1400 420; baseline 0 -16"><span class='ocrx_word' id='word_1_5' title='bbox 171 355 206 405; x_wconf 83' lang='lat' dir='ltr'>&#39;fi</span> <span class='ocrx_word' id='word_1_6' title='bbox 225 353 458 418; x_wconf 70' lang='lat' dir='ltr'>contigisset</span> <span class='ocrx_word' id='word_1_7' title='bbox 480 354 553 420; x_wconf 83' lang='lat' dir='ltr'>ipsi</span> <span class='ocrx_word' id='word_1_8' title='bbox 575 356 702 402; x_wconf 87' lang='lat' dir='ltr'>edere</span> <span class='ocrx_word' id='word_1_9' title='bbox 723 353 796 401; x_wconf 87' lang='lat' dir='ltr'>sua</span> <span class='ocrx_word' id='word_1_10' title='bbox 825 354 1076 413; x_wconf 85' lang='lat' dir='ltr'>aduersaria,</span> <span class='ocrx_word' id='word_1_11' title='bbox 1115 357 1400 405; x_wconf 86' lang='lat' dir='ltr'>commodum</span> 
     </span>
     <span class='ocr_line' id='line_1_3' title="bbox 174 430 1397 498; baseline 0.001 -19"><span class='ocrx_word' id='word_1_12' title='bbox 174 432 369 481; x_wconf 74' lang='lat' dir='ltr'>attulisset</span> <span class='ocrx_word' id='word_1_13' title='bbox 391 432 504 480; x_wconf 87' lang='lat' dir='ltr'>hisce</span> <span class='ocrx_word' id='word_1_14' title='bbox 526 431 685 487; x_wconf 87' lang='lat' dir='ltr'>studiis,</span> <span class='ocrx_word' id='word_1_15' title='bbox 724 447 765 477; x_wconf 91' lang='lat' dir='ltr'>et</span> <span class='ocrx_word' id='word_1_16' title='bbox 787 430 1032 495; x_wconf 77' lang='lat' dir='ltr'>reportaffet</span> <span class='ocrx_word' id='word_1_17' title='bbox 1061 433 1257 493; x_wconf 82' lang='lat' dir='ltr'>gloriam,</span> <span class='ocrx_word' id='word_1_18' title='bbox 1293 451 1397 498; x_wconf 85' lang='lat' dir='ltr'>qua·</span> 
     </span>
     <span class='ocr_line' id='line_1_4' title="bbox 173 509 1395 572; baseline 0 -16"><span class='ocrx_word' id='word_1_19' title='bbox 173 510 262 558; x_wconf 89' lang='lat' dir='ltr'>lem</span> <span class='ocrx_word' id='word_1_20' title='bbox 294 511 439 556; x_wconf 87' lang='lat' dir='ltr'>nullus</span> <span class='ocrx_word' id='word_1_21' title='bbox 471 509 577 554; x_wconf 82' lang='lat' dir='ltr'>alius</span> <span class='ocrx_word' id='word_1_22' title='bbox 611 525 777 566; x_wconf 78' lang='lat' dir='ltr'>eorum,</span> <span class='ocrx_word' id='word_1_23' title='bbox 817 511 893 572; x_wconf 90' lang='lat' dir='ltr'>qui</span> <span class='ocrx_word' id='word_1_24' title='bbox 923 509 1107 556; x_wconf 80' lang='lat' dir='ltr'>Arabica</span> <span class='ocrx_word' id='word_1_25' title='bbox 1136 509 1395 556; x_wconf 58' lang='lat' dir='ltr'>trassarunt:</span> 
     </span>
     <span class='ocr_line' id='line_1_5' title="bbox 172 585 1397 650; baseline -0.001 -16"><span class='ocrx_word' id='word_1_26' title='bbox 172 591 259 634; x_wconf 89' lang='lat' dir='ltr'>Hic</span> <span class='ocrx_word' id='word_1_27' title='bbox 281 601 421 633; x_wconf 82' lang='lat' dir='ltr'>tantus</span> <span class='ocrx_word' id='word_1_28' title='bbox 444 586 522 640; x_wconf 86' lang='lat' dir='ltr'>vir,</span> <span class='ocrx_word' id='word_1_29' title='bbox 558 601 690 647; x_wconf 89' lang='lat' dir='ltr'>quem</span> <span class='ocrx_word' id='word_1_30' title='bbox 715 585 845 631; x_wconf 79' lang='lat' dir='ltr'>Leida</span> <span class='ocrx_word' id='word_1_31' title='bbox 877 603 966 631; x_wconf 89' lang='lat' dir='ltr'>non</span> <span class='ocrx_word' id='word_1_32' title='bbox 997 588 1142 632; x_wconf 89' lang='lat' dir='ltr'>minus</span> <span class='ocrx_word' id='word_1_33' title='bbox 1166 602 1294 650; x_wconf 83' lang='lat' dir='ltr'>atque</span> <span class='ocrx_word' id='word_1_34' title='bbox 1317 604 1397 633; x_wconf 90' lang='lat' dir='ltr'>nu-</span> 
     </span>
     <span class='ocr_line' id='line_1_6' title="bbox 163 660 1395 726; baseline -0.001 -15"><span class='ocrx_word' id='word_1_35' title='bbox 163 681 276 714; x_wconf 79' lang='lat' dir='ltr'>men</span> <span class='ocrx_word' id='word_1_36' title='bbox 296 663 491 710; x_wconf 85' lang='lat' dir='ltr'>venerari</span> <span class='ocrx_word' id='word_1_37' title='bbox 516 660 652 716; x_wconf 85' lang='lat' dir='ltr'>debet,</span> <span class='ocrx_word' id='word_1_38' title='bbox 683 677 726 706; x_wconf 80' lang='lat' dir='ltr'>vt</span> <span class='ocrx_word' id='word_1_39' title='bbox 758 664 834 726; x_wconf 89' lang='lat' dir='ltr'>qui</span> <span class='ocrx_word' id='word_1_40' title='bbox 856 679 1039 708; x_wconf 89' lang='lat' dir='ltr'>munere</span> <span class='ocrx_word' id='word_1_41' title='bbox 1058 661 1264 709; x_wconf 51' lang='lat' dir='ltr'>manauit</span> <span class='ocrx_word' id='word_1_42' title='bbox 1285 681 1395 719; x_wconf 80' lang='lat' dir='ltr'>eam,</span> 
     </span>
     <span class='ocr_line' id='line_1_7' title="bbox 171 722 1394 804; baseline -0.002 -17"><span class='ocrx_word' id='word_1_43' title='bbox 171 742 242 787; x_wconf 87' lang='lat' dir='ltr'>cui</span> <span class='ocrx_word' id='word_1_44' title='bbox 264 755 342 804; x_wconf 84' lang='lat' dir='ltr'>par</span> <span class='ocrx_word' id='word_1_45' title='bbox 363 736 627 784; x_wconf 77' lang='lat' dir='ltr'>Christianus</span> <span class='ocrx_word' id='word_1_46' title='bbox 650 736 764 782; x_wconf 83' lang='lat' dir='ltr'>orbis</span> <span class='ocrx_word' id='word_1_47' title='bbox 795 722 886 782; x_wconf 74' lang='lat' dir='ltr'>non</span> <span class='ocrx_word' id='word_1_48' title='bbox 918 737 1059 794; x_wconf 76' lang='lat' dir='ltr'>habet,</span> <span class='ocrx_word' id='word_1_49' title='bbox 1101 739 1294 799; x_wconf 77' lang='lat' dir='ltr'>legatum</span> <span class='ocrx_word' id='word_1_50' title='bbox 1329 742 1394 785; x_wconf 89' lang='lat' dir='ltr'>in-</span> 
     </span>
     <span class='ocr_line' id='line_1_8' title="bbox 171 814 1392 877; baseline -0.002 -14"><span class='ocrx_word' id='word_1_51' title='bbox 171 817 317 877; x_wconf 85' lang='lat' dir='ltr'>telligo</span> <span class='ocrx_word' id='word_1_52' title='bbox 338 814 536 860; x_wconf 88' lang='lat' dir='ltr'>codicum</span> <span class='ocrx_word' id='word_1_53' title='bbox 547 817 777 859; x_wconf 86' lang='lat' dir='ltr'>MStorum</span> <span class='ocrx_word' id='word_1_54' title='bbox 797 815 1068 860; x_wconf 81' lang='lat' dir='ltr'>orientalium</span> <span class='ocrx_word' id='word_1_55' title='bbox 1085 834 1094 871; x_wconf 79' lang='lat'>3</span> <span class='ocrx_word' id='word_1_56' title='bbox 1108 816 1217 860; x_wconf 83' lang='lat' dir='ltr'>inter</span> <span class='ocrx_word' id='word_1_57' title='bbox 1230 815 1309 863; x_wconf 79' lang='lat' dir='ltr'>alia</span> <span class='ocrx_word' id='word_1_58' title='bbox 1322 833 1392 862; x_wconf 90' lang='lat' dir='ltr'>cu-</span> 
     </span>
     <span class='ocr_line' id='line_1_9' title="bbox 168 864 1395 956; baseline -0.007 -16"><span class='ocrx_word' id='word_1_59' title='bbox 168 907 338 941; x_wconf 83' lang='lat' dir='ltr'>rauerat</span> <span class='ocrx_word' id='word_1_60' title='bbox 350 891 402 937; x_wconf 86' lang='lat' dir='ltr'>ab</span> <span class='ocrx_word' id='word_1_61' title='bbox 416 890 559 954; x_wconf 88' lang='lat' dir='ltr'>aliquo</span> <span class='ocrx_word' id='word_1_62' title='bbox 572 888 874 936; x_wconf 83' lang='lat' dir='ltr'>scribalibrum</span> <span class='ocrx_word' id='word_1_63' title='bbox 910 876 1087 956; x_wconf 35' lang='lat'>2554&amp;</span> <span class='ocrx_word' id='word_1_64' title='bbox 1123 864 1283 937; x_wconf 31' lang='lat' dir='ltr'>ulnis</span> <span class='ocrx_word' id='word_1_65' title='bbox 1317 883 1395 950; x_wconf 53' lang='grc' dir='ltr'>ωδ</span> 
     </span>
     <span class='ocr_line' id='line_1_10' title="bbox 169 953 1392 1033; baseline 0.001 -18"><span class='ocrx_word' id='word_1_66' title='bbox 169 962 225 1032; x_wconf 79' lang='lat' dir='ltr'>de</span> <span class='ocrx_word' id='word_1_67' title='bbox 245 960 468 1015; x_wconf 77' lang='lat' dir='ltr'>medicina</span> <span class='ocrx_word' id='word_1_68' title='bbox 481 960 1036 1033; x_wconf 50' lang='lat' dir='ltr'>Prophetafflfibidescribi,</span> <span class='ocrx_word' id='word_1_69' title='bbox 1051 971 1170 1015; x_wconf 86' lang='lat' dir='ltr'>cuius</span> <span class='ocrx_word' id='word_1_70' title='bbox 1194 968 1280 1033; x_wconf 87' lang='lat' dir='ltr'>ipse</span> <span class='ocrx_word' id='word_1_71' title='bbox 1302 953 1392 1016; x_wconf 58' lang='lat' dir='ltr'>nia-</span> 
     </span>
     <span class='ocr_line' id='line_1_11' title="bbox 160 1043 1392 1108; baseline 0.001 -17"><span class='ocrx_word' id='word_1_72' title='bbox 160 1062 302 1108; x_wconf 80' lang='lat' dir='ltr'>·gnam</span> <span class='ocrx_word' id='word_1_73' title='bbox 320 1060 488 1108; x_wconf 86' lang='lat' dir='ltr'>partem</span> <span class='ocrx_word' id='word_1_74' title='bbox 506 1043 633 1089; x_wconf 83' lang='lat' dir='ltr'>latine</span> <span class='ocrx_word' id='word_1_75' title='bbox 654 1045 958 1106; x_wconf 75' lang='lat' dir='ltr'>interpretatus</span> <span class='ocrx_word' id='word_1_76' title='bbox 989 1043 1059 1091; x_wconf 86' lang='lat' dir='ltr'>est.</span> <span class='ocrx_word' id='word_1_77' title='bbox 1157 1047 1266 1102; x_wconf 85' lang='lat' dir='ltr'>Quis</span> <span class='ocrx_word' id='word_1_78' title='bbox 1299 1048 1392 1092; x_wconf 86' lang='lat' dir='ltr'>eius</span> 
     </span>
     <span class='ocr_line' id='line_1_12' title="bbox 169 1117 1390 1183; baseline 0 -15"><span class='ocrx_word' id='word_1_79' title='bbox 169 1122 268 1169; x_wconf 80' lang='lat' dir='ltr'>libri</span> <span class='ocrx_word' id='word_1_80' title='bbox 291 1118 424 1166; x_wconf 86' lang='lat' dir='ltr'>fuerit</span> <span class='ocrx_word' id='word_1_81' title='bbox 444 1117 605 1173; x_wconf 66' lang='lat' dir='ltr'>austor,</span> <span class='ocrx_word' id='word_1_82' title='bbox 639 1136 728 1164; x_wconf 90' lang='lat' dir='ltr'>non</span> <span class='ocrx_word' id='word_1_83' title='bbox 759 1136 992 1183; x_wconf 83' lang='lat' dir='ltr'>comparet.</span> <span class='ocrx_word' id='word_1_84' title='bbox 1084 1120 1236 1166; x_wconf 87' lang='lat' dir='ltr'>Diuidi</span> <span class='ocrx_word' id='word_1_85' title='bbox 1273 1138 1390 1168; x_wconf 89' lang='lat' dir='ltr'>com-</span> 
     </span>
     <span class='ocr_line' id='line_1_13' title="bbox 170 1194 1389 1259; baseline -0.002 -13"><span class='ocrx_word' id='word_1_86' title='bbox 170 1198 302 1246; x_wconf 86' lang='lat' dir='ltr'>mode</span> <span class='ocrx_word' id='word_1_87' title='bbox 325 1199 370 1242; x_wconf 90' lang='lat' dir='ltr'>in</span> <span class='ocrx_word' id='word_1_88' title='bbox 394 1196 497 1242; x_wconf 80' lang='lat' dir='ltr'>duas</span> <span class='ocrx_word' id='word_1_89' title='bbox 518 1211 658 1258; x_wconf 83' lang='lat' dir='ltr'>partes</span> <span class='ocrx_word' id='word_1_90' title='bbox 679 1194 816 1259; x_wconf 85' lang='lat' dir='ltr'>potest</span> <span class='ocrx_word' id='word_1_91' title='bbox 836 1196 906 1242; x_wconf 86' lang='lat' dir='ltr'>ille</span> <span class='ocrx_word' id='word_1_92' title='bbox 930 1195 1072 1243; x_wconf 79' lang='lat' dir='ltr'>codex.</span> <span class='ocrx_word' id='word_1_93' title='bbox 1140 1199 1266 1243; x_wconf 87' lang='lat' dir='ltr'>Prior</span> <span class='ocrx_word' id='word_1_94' title='bbox 1290 1216 1389 1244; x_wconf 88' lang='lat' dir='ltr'>con-</span> 
     </span>
     <span class='ocr_line' id='line_1_14' title="bbox 170 1272 1391 1337; baseline -0.001 -15"><span class='ocrx_word' id='word_1_95' title='bbox 170 1279 277 1322; x_wconf 83' lang='lat' dir='ltr'>tinet</span> <span class='ocrx_word' id='word_1_96' title='bbox 308 1272 458 1320; x_wconf 86' lang='lat' dir='ltr'>decem</span> <span class='ocrx_word' id='word_1_97' title='bbox 495 1273 641 1334; x_wconf 83' lang='lat' dir='ltr'>capita,</span> <span class='ocrx_word' id='word_1_98' title='bbox 685 1289 795 1335; x_wconf 82' lang='lat' dir='ltr'>quae</span> <span class='ocrx_word' id='word_1_99' title='bbox 837 1274 949 1318; x_wconf 90' lang='lat' dir='ltr'>inter</span> <span class='ocrx_word' id='word_1_100' title='bbox 978 1275 1174 1337; x_wconf 84' lang='lat' dir='ltr'>primum</span> <span class='ocrx_word' id='word_1_101' title='bbox 1204 1277 1391 1321; x_wconf 74' lang='lat' dir='ltr'>maxime</span> 
     </span>
     <span class='ocr_line' id='line_1_15' title="bbox 168 1347 1389 1413; baseline -0.001 -14"><span class='ocrx_word' id='word_1_102' title='bbox 168 1351 229 1399; x_wconf 85' lang='lat' dir='ltr'>est</span> <span class='ocrx_word' id='word_1_103' title='bbox 256 1348 551 1397; x_wconf 82' lang='lat' dir='ltr'>memorabile.</span> <span class='ocrx_word' id='word_1_104' title='bbox 641 1347 853 1394; x_wconf 74' lang='lat' dir='ltr'>PosterIOr</span> <span class='ocrx_word' id='word_1_105' title='bbox 874 1348 1076 1413; x_wconf 78' lang='lat' dir='ltr'>simplicia</span> <span class='ocrx_word' id='word_1_106' title='bbox 1095 1349 1297 1406; x_wconf 77' lang='lat' dir='ltr'>recenset,</span> <span class='ocrx_word' id='word_1_107' title='bbox 1334 1351 1389 1398; x_wconf 89' lang='lat' dir='ltr'>de</span> 
     </span>
     <span class='ocr_line' id='line_1_16' title="bbox 170 1420 1391 1493; baseline -0.001 -19"><span class='ocrx_word' id='word_1_108' title='bbox 170 1427 329 1493; x_wconf 83' lang='lat' dir='ltr'>quibus</span> <span class='ocrx_word' id='word_1_109' title='bbox 361 1425 516 1471; x_wconf 84' lang='lat' dir='ltr'>iudicia</span> <span class='ocrx_word' id='word_1_110' title='bbox 554 1420 1082 1472; x_wconf 80' lang='lat' dir='ltr'>MOHHAMMADIS</span> <span class='ocrx_word' id='word_1_111' title='bbox 1117 1422 1320 1473; x_wconf 82' lang='lat' dir='ltr'>feruntur</span> <span class='ocrx_word' id='word_1_112' title='bbox 1345 1430 1391 1473; x_wconf 90' lang='lat' dir='ltr'>in</span> 
     </span>
     <span class='ocr_line' id='line_1_17' title="bbox 171 1499 1388 1566; baseline -0.001 -15"><span class='ocrx_word' id='word_1_113' title='bbox 171 1501 523 1555; x_wconf 78' lang='lat' dir='ltr'>Traditionibus,</span> <span class='ocrx_word' id='word_1_114' title='bbox 562 1499 799 1546; x_wconf 83' lang='lat' dir='ltr'>seeundum</span> <span class='ocrx_word' id='word_1_115' title='bbox 829 1502 1027 1547; x_wconf 75' lang='lat' dir='ltr'>ordinem</span> <span class='ocrx_word' id='word_1_116' title='bbox 1057 1502 1388 1566; x_wconf 73' lang='lat' dir='ltr'>alphabeticum,</span> 
     </span>
     <span class='ocr_line' id='line_1_18' title="bbox 168 1569 1393 1645; baseline -0.001 -17"><span class='ocrx_word' id='word_1_117' title='bbox 168 1597 372 1645; x_wconf 84' lang='lat' dir='ltr'>eumque,</span> <span class='ocrx_word' id='word_1_118' title='bbox 400 1577 519 1642; x_wconf 51' lang='lat' dir='ltr'>quod¹</span> <span class='ocrx_word' id='word_1_119' title='bbox 539 1579 714 1631; x_wconf 83' lang='lat' dir='ltr'>mirum,</span> <span class='ocrx_word' id='word_1_120' title='bbox 740 1593 827 1623; x_wconf 84' lang='lat' dir='ltr'>non</span> <span class='ocrx_word' id='word_1_121' title='bbox 842 1569 1196 1635; x_wconf 67' lang='lat' dir='ltr'>Arabiclml‚sed</span> <span class='ocrx_word' id='word_1_122' title='bbox 1215 1574 1393 1627; x_wconf 73' lang='lat' dir='ltr'>Ebrai-</span> 
     </span>
     <span class='ocr_line' id='line_1_19' title="bbox 167 1650 1389 1721; baseline 0 -17"><span class='ocrx_word' id='word_1_123' title='bbox 167 1671 282 1705; x_wconf 79' lang='lat' dir='ltr'>cum.</span> <span class='ocrx_word' id='word_1_124' title='bbox 350 1658 480 1700; x_wconf 84' lang='lat' dir='ltr'>Forte</span> <span class='ocrx_word' id='word_1_125' title='bbox 502 1653 554 1698; x_wconf 79' lang='lat' dir='ltr'>fic</span> <span class='ocrx_word' id='word_1_126' title='bbox 572 1651 743 1716; x_wconf 70' lang='lat' dir='ltr'>jusserat</span> <span class='ocrx_word' id='word_1_127' title='bbox 764 1653 838 1698; x_wconf 85' lang='lat' dir='ltr'>W</span> <span class='ocrx_word' id='word_1_128' title='bbox 849 1650 1216 1702; x_wconf 78' lang='lat' dir='ltr'><strong>ARNERVS.</strong></span> <span class='ocrx_word' id='word_1_129' title='bbox 1293 1655 1389 1721; x_wconf 78' lang='lat' dir='ltr'>Ipse</span> 
     </span>
     <span class='ocr_line' id='line_1_20' title="bbox 165 1728 1387 1794; baseline -0.002 -13"><span class='ocrx_word' id='word_1_130' title='bbox 165 1737 287 1780; x_wconf 82' lang='lat' dir='ltr'>enim</span> <span class='ocrx_word' id='word_1_131' title='bbox 317 1748 406 1776; x_wconf 88' lang='lat' dir='ltr'>non</span> <span class='ocrx_word' id='word_1_132' title='bbox 435 1728 591 1794; x_wconf 81' lang='lat' dir='ltr'>scripsit</span> <span class='ocrx_word' id='word_1_133' title='bbox 623 1729 800 1776; x_wconf 79' lang='lat' dir='ltr'>arabica.</span> <span class='ocrx_word' id='word_1_134' title='bbox 872 1733 1026 1776; x_wconf 88' lang='lat' dir='ltr'>Inueni</span> <span class='ocrx_word' id='word_1_135' title='bbox 1058 1731 1124 1777; x_wconf 80' lang='lat' dir='ltr'>his</span> <span class='ocrx_word' id='word_1_136' title='bbox 1155 1733 1201 1777; x_wconf 90' lang='lat' dir='ltr'>in</span> <span class='ocrx_word' id='word_1_137' title='bbox 1222 1731 1387 1780; x_wconf 80' lang='lat' dir='ltr'>schedis</span> 
     </span>
     <span class='ocr_line' id='line_1_21' title="bbox 165 1803 1387 1875; baseline -0.002 -18"><span class='ocrx_word' id='word_1_138' title='bbox 165 1811 321 1875; x_wconf 85' lang='lat' dir='ltr'>aliqua,</span> <span class='ocrx_word' id='word_1_139' title='bbox 351 1824 460 1871; x_wconf 87' lang='lat' dir='ltr'>quae</span> <span class='ocrx_word' id='word_1_140' title='bbox 487 1803 700 1852; x_wconf 78' lang='lat' dir='ltr'>faciebant</span> <span class='ocrx_word' id='word_1_141' title='bbox 729 1805 782 1852; x_wconf 83' lang='lat' dir='ltr'>ad</span> <span class='ocrx_word' id='word_1_142' title='bbox 813 1823 908 1852; x_wconf 87' lang='lat' dir='ltr'>rem</span> <span class='ocrx_word' id='word_1_143' title='bbox 929 1823 1084 1853; x_wconf 81' lang='lat' dir='ltr'>meam.</span> <span class='ocrx_word' id='word_1_144' title='bbox 1168 1808 1252 1855; x_wconf 88' lang='lat' dir='ltr'>Sed</span> <span class='ocrx_word' id='word_1_145' title='bbox 1274 1809 1387 1855; x_wconf 88' lang='lat' dir='ltr'>mul-</span> 
     </span>
     <span class='ocr_line' id='line_1_22' title="bbox 167 1879 1390 1952; baseline -0.002 -18"><span class='ocrx_word' id='word_1_146' title='bbox 167 1903 212 1934; x_wconf 93' lang='lat' dir='ltr'>to</span> <span class='ocrx_word' id='word_1_147' title='bbox 235 1885 450 1952; x_wconf 79' lang='lat' dir='ltr'>pauciora,</span> <span class='ocrx_word' id='word_1_148' title='bbox 482 1900 614 1947; x_wconf 85' lang='lat' dir='ltr'>quam</span> <span class='ocrx_word' id='word_1_149' title='bbox 647 1897 689 1927; x_wconf 86' lang='lat' dir='ltr'>et</span> <span class='ocrx_word' id='word_1_150' title='bbox 719 1897 984 1945; x_wconf 86' lang='lat' dir='ltr'>optaueram‚</span> <span class='ocrx_word' id='word_1_151' title='bbox 1024 1898 1065 1929; x_wconf 91' lang='lat' dir='ltr'>et</span> <span class='ocrx_word' id='word_1_152' title='bbox 1095 1879 1266 1930; x_wconf 79' lang='lat' dir='ltr'>fueram</span> <span class='ocrx_word' id='word_1_153' title='bbox 1298 1886 1390 1950; x_wconf 84' lang='lat' dir='ltr'>opi-</span> 
     </span>
     <span class='ocr_line' id='line_1_23' title="bbox 169 1943 1390 2012; baseline -0.006 -2"><span class='ocrx_word' id='word_1_154' title='bbox 169 1980 306 2011; x_wconf 83' lang='lat' dir='ltr'>natus.</span> <span class='ocrx_word' id='word_1_155' title='bbox 382 1963 542 2006; x_wconf 81' lang='lat' dir='ltr'>Parum</span> <span class='ocrx_word' id='word_1_156' title='bbox 573 1975 724 2004; x_wconf 84' lang='lat' dir='ltr'>rerum</span> <span class='ocrx_word' id='word_1_157' title='bbox 755 1959 1021 2005; x_wconf 82' lang='lat' dir='ltr'>medicarum</span> <span class='ocrx_word' id='word_1_158' title='bbox 1046 1977 1095 2005; x_wconf 83' lang='lat' dir='ltr'>ex</span> <span class='ocrx_word' id='word_1_159' title='bbox 1119 1943 1390 2012; x_wconf 47' lang='lat' dir='ltr'>mstis&amp;</span> 
     </span>
     <span class='ocr_line' id='line_1_24' title="bbox 167 2027 1388 2107; baseline -0.004 -19"><span class='ocrx_word' id='word_1_160' title='bbox 167 2038 240 2088; x_wconf 83' lang='lat' dir='ltr'>seu</span> <span class='ocrx_word' id='word_1_161' title='bbox 260 2045 460 2107; x_wconf 83' lang='lat' dir='ltr'>tempore</span> <span class='ocrx_word' id='word_1_162' title='bbox 463 2030 699 2096; x_wconf 71' lang='lat' dir='ltr'>feritatis</span> <span class='ocrx_word' id='word_1_163' title='bbox 718 2045 766 2082; x_wconf 84' lang='lat' dir='ltr'>et</span> <span class='ocrx_word' id='word_1_164' title='bbox 786 2027 1078 2083; x_wconf 77' lang='lat' dir='ltr'>idololatriae</span> <span class='ocrx_word' id='word_1_165' title='bbox 1090 2027 1326 2083; x_wconf 73' lang='lat' dir='ltr'>Arabicae</span> <span class='ocrx_word' id='word_1_166' title='bbox 1338 2033 1388 2096; x_wconf 58' lang='grc' dir='ltr'>ἢ</span> 
     </span>
    </p>

    <p class='ocr_par' dir='ltr' id='par_1_3' title="bbox 1324 2127 1390 2159">
     <span class='ocr_line' id='line_1_25' title="bbox 1324 2127 1390 2159; baseline 0 0"><span class='ocrx_word' id='word_1_167' title='bbox 1324 2127 1390 2159; x_wconf 71' lang='lat' dir='ltr'>re·</span> 
     </span>
    </p>
   </div>
   <div class='ocr_carea' id='block_1_3' title="bbox 223 2246 1392 2634">
    <p class='ocr_par' dir='ltr' id='par_1_4' title="bbox 223 2246 1392 2634">
     <span class='ocr_line' id='line_1_26' title="bbox 223 2246 1390 2301; baseline -0.001 -12"><span class='ocrx_word' id='word_1_168' title='bbox 223 2250 265 2301; x_wconf 73' lang='lat'>¹⁸)</span> <span class='ocrx_word' id='word_1_169' title='bbox 295 2246 485 2289; x_wconf 68' lang='lat' dir='ltr'>Bestius:</span> <span class='ocrx_word' id='word_1_170' title='bbox 516 2263 561 2287; x_wconf 82' lang='lat' dir='ltr'>ex</span> <span class='ocrx_word' id='word_1_171' title='bbox 579 2246 792 2300; x_wconf 73' lang='lat' dir='ltr'>temporibus</span> <span class='ocrx_word' id='word_1_172' title='bbox 810 2250 961 2287; x_wconf 78' lang='lat' dir='ltr'>incitiae</span> <span class='ocrx_word' id='word_1_173' title='bbox 994 2247 1056 2299; x_wconf 90' lang='lat' dir='ltr'>(in</span> <span class='ocrx_word' id='word_1_174' title='bbox 1087 2246 1207 2288; x_wconf 82' lang='lat' dir='ltr'>rebus</span> <span class='ocrx_word' id='word_1_175' title='bbox 1231 2246 1281 2288; x_wconf 85' lang='lat' dir='ltr'>ad</span> <span class='ocrx_word' id='word_1_176' title='bbox 1308 2246 1390 2289; x_wconf 89' lang='lat' dir='ltr'>cul-</span> 
     </span>
     <span class='ocr_line' id='line_1_27' title="bbox 295 2302 1389 2357; baseline -0.001 -13"><span class='ocrx_word' id='word_1_177' title='bbox 295 2314 380 2345; x_wconf 83' lang='lat' dir='ltr'>tum</span> <span class='ocrx_word' id='word_1_178' title='bbox 407 2304 485 2344; x_wconf 84' lang='lat' dir='ltr'>Dei</span> <span class='ocrx_word' id='word_1_179' title='bbox 505 2302 801 2357; x_wconf 62' lang='lat' dir='ltr'>spectantibus)</span> <span class='ocrx_word' id='word_1_180' title='bbox 829 2305 868 2343; x_wconf 91' lang='lat' dir='ltr'>h.</span> <span class='ocrx_word' id='word_1_181' title='bbox 884 2318 919 2342; x_wconf 86' lang='lat' dir='ltr'>e.</span> <span class='ocrx_word' id='word_1_182' title='bbox 951 2313 1042 2343; x_wconf 85' lang='lat' dir='ltr'>ante</span> <span class='ocrx_word' id='word_1_183' title='bbox 1081 2304 1389 2343; x_wconf 73' lang='lat' dir='ltr'>Mohhammadem</span> 
     </span>
     <span class='ocr_line' id='line_1_28' title="bbox 294 2351 1390 2418; baseline 0 -18"><span class='ocrx_word' id='word_1_184' title='bbox 294 2370 452 2400; x_wconf 83' lang='lat' dir='ltr'>natum:</span> <span class='ocrx_word' id='word_1_185' title='bbox 483 2360 641 2400; x_wconf 78' lang='lat' dir='ltr'>Thema</span> <span class='ocrx_word' id='word_1_186' title='bbox 657 2361 774 2407; x_wconf 82' lang='lat' dir='ltr'>enim,</span> <span class='ocrx_word' id='word_1_187' title='bbox 789 2373 902 2411; x_wconf 84' lang='lat' dir='ltr'>aquo</span> <span class='ocrx_word' id='word_1_188' title='bbox 916 2360 989 2399; x_wconf 82' lang='lat' dir='ltr'>hoc</span> <span class='ocrx_word' id='word_1_189' title='bbox 1011 2351 1208 2418; x_wconf 43' lang='lat' dir='ltr'>&amp;stlffilsp</span> <span class='ocrx_word' id='word_1_190' title='bbox 1233 2360 1390 2400; x_wconf 82' lang='lat' dir='ltr'>descen-</span> 
     </span>
     <span class='ocr_line' id='line_1_29' title="bbox 296 2425 1390 2478; baseline -0.003 -12"><span class='ocrx_word' id='word_1_191' title='bbox 296 2428 367 2477; x_wconf 76' lang='lat' dir='ltr'>dit,</span> <span class='ocrx_word' id='word_1_192' title='bbox 394 2439 475 2465; x_wconf 91' lang='lat' dir='ltr'>non</span> <span class='ocrx_word' id='word_1_193' title='bbox 493 2427 698 2478; x_wconf 40' lang='lat' dir='ltr'>feritatem,</span> <span class='ocrx_word' id='word_1_194' title='bbox 729 2426 793 2466; x_wconf 84' lang='lat' dir='ltr'>sed</span> <span class='ocrx_word' id='word_1_195' title='bbox 825 2425 990 2477; x_wconf 81' lang='lat' dir='ltr'>inscitiam</span> <span class='ocrx_word' id='word_1_196' title='bbox 1021 2434 1175 2476; x_wconf 84' lang='lat' dir='ltr'>notare,</span> <span class='ocrx_word' id='word_1_197' title='bbox 1203 2425 1266 2465; x_wconf 77' lang='lat' dir='ltr'>vel</span> <span class='ocrx_word' id='word_1_198' title='bbox 1294 2426 1390 2464; x_wconf 85' lang='lat' dir='ltr'>tiro·</span> 
     </span>
     <span class='ocr_line' id='line_1_30' title="bbox 294 2481 1391 2535; baseline -0.004 -13"><span class='ocrx_word' id='word_1_199' title='bbox 294 2493 367 2522; x_wconf 84' lang='lat' dir='ltr'>nes</span> <span class='ocrx_word' id='word_1_200' title='bbox 395 2489 554 2522; x_wconf 81' lang='lat' dir='ltr'>norunt.</span> <span class='ocrx_word' id='word_1_201' title='bbox 624 2481 696 2521; x_wconf 88' lang='lat' dir='ltr'>Per</span> <span class='ocrx_word' id='word_1_202' title='bbox 722 2481 824 2521; x_wconf 79' lang='lat' dir='ltr'>hane</span> <span class='ocrx_word' id='word_1_203' title='bbox 853 2493 951 2521; x_wconf 85' lang='lat' dir='ltr'>vero</span> <span class='ocrx_word' id='word_1_204' title='bbox 973 2482 1140 2535; x_wconf 68' lang='lat' dir='ltr'>inscitiam</span> <span class='ocrx_word' id='word_1_205' title='bbox 1162 2481 1391 2533; x_wconf 77' lang='lat' dir='ltr'>intelligen-</span> 
     </span>
     <span class='ocr_line' id='line_1_31' title="bbox 295 2537 1391 2598; baseline -0.002 -20"><span class='ocrx_word' id='word_1_206' title='bbox 295 2538 387 2580; x_wconf 78' lang='lat' dir='ltr'>dam</span> <span class='ocrx_word' id='word_1_207' title='bbox 419 2537 497 2580; x_wconf 85' lang='lat' dir='ltr'>effe</span> <span class='ocrx_word' id='word_1_208' title='bbox 529 2537 724 2580; x_wconf 81' lang='lat' dir='ltr'>inscitiam</span> <span class='ocrx_word' id='word_1_209' title='bbox 748 2539 791 2579; x_wconf 87' lang='lat' dir='ltr'>in</span> <span class='ocrx_word' id='word_1_210' title='bbox 821 2538 943 2579; x_wconf 86' lang='lat' dir='ltr'>rebus</span> <span class='ocrx_word' id='word_1_211' title='bbox 980 2540 1030 2581; x_wconf 87' lang='lat' dir='ltr'>ad</span> <span class='ocrx_word' id='word_1_212' title='bbox 1058 2539 1315 2593; x_wconf 81' lang='lat' dir='ltr'>religionem,</span> <span class='ocrx_word' id='word_1_213' title='bbox 1347 2540 1391 2598; x_wconf 73' lang='lat' dir='ltr'>ej:</span> 
     </span>
     <span class='ocr_line' id='line_1_32' title="bbox 1269 2603 1392 2634; baseline -0.016 0"><span class='ocrx_word' id='word_1_214' title='bbox 1269 2603 1392 2634; x_wconf 64' lang='lat' dir='ltr'>mam·</span> 
     </span>
    </p>
   </div>
   <div class='ocr_carea' id='block_1_4' title="bbox 815 2666 854 2709">
    <p class='ocr_par' dir='ltr' id='par_1_5' title="bbox 815 2666 854 2709">
     <span class='ocr_line' id='line_1_33' title="bbox 815 2666 854 2709; baseline 0 0"><span class='ocrx_word' id='word_1_215' title='bbox 815 2666 854 2709; x_wconf 89' lang='lat' dir='ltr'>C</span> 
     </span>
    </p>
   </div>
  </div>
 </body>
</html>
