1701 2990
527 264 1035 329 PRAEFATIO.
1343 267 1423 329 XI

179 401 414 463 ,dicinam
437 402 608 452 merita
630 411 678 451 et
699 400 900 451 inuenta
919 400 970 450 in
991 399 1122 452 votis
1143 397 1227 463 est,
1250 396 1423 453 exsur-

192 494 280 549 gat
299 478 498 530 tandem
519 475 782 548 aliquando
813 475 983 543 aliquis
1015 472 1210 528 arabice
1243 474 1423 530 doeius

192 570 247 608 et
270 559 384 607 artis
407 552 628 605 medicae
649 552 822 614 scienS,
855 554 938 620 qui
967 550 1041 604 vel
1071 554 1312 623 principes
1335 552 1425 604 de-

193 648 298 685 nuo
319 630 464 683 latine
486 643 658 692 vertat,
689 628 765 701 vel
798 632 980 696 potius,
1013 647 1095 681 me
1126 629 1327 696 quidem
1348 631 1424 680 iu-

196 707 324 771 dice,
359 723 418 758 cx
451 705 580 758 hisce
612 704 827 774 reliquiis
846 705 896 772 ’·)
928 707 1127 774 propria
1156 716 1204 756 et
1234 707 1426 774 optima

193 785 396 852 quaeuis
423 781 604 851 seligat,
639 797 790 853 atque
818 799 918 833 vno
941 781 1194 834 volumine
1215 799 1425 834 omnem

193 859 432 927 Arabum,
457 877 544 927 per
565 872 647 912 tot
663 857 819 910 secula
843 856 1240 926 clarissimorum,
1264 858 1425 910 medi-

192 938 355 990 cinam
387 934 796 1005 comprehendat,
835 949 901 1003 vt,
935 949 1174 1006 quantum
1205 937 1426 1004 pretium

192 1010 338 1065 bonis
359 1011 448 1064 illis
467 1011 755 1065 hominibus
778 1010 1088 1065 statuendum
1107 1011 1182 1079 fit,
1214 1014 1424 1084 quisque

193 1088 445 1158 intelligat.

339 1168 536 1218 Poterat
571 1163 691 1220 illud
729 1166 1005 1235 negotium,
1048 1162 1080 1216 fi
1131 1167 1237 1234 quis
1284 1163 1424 1230 alius,

193 1244 424 1294 omnium
456 1244 646 1310 optime
686 1242 758 1296 Cl.
797 1244 1162 1310 RfflSKlVS,
1217 1240 1425 1294 celebri-

193 1331 292 1372 tate
324 1316 484 1371 famae
526 1334 577 1371 et
615 1318 813 1389 linguae
857 1318 1093 1372 Arabicae
1135 1321 1426 1389 cognitione

191 1394 266 1447 vel
291 1398 477 1447 exteris
498 1393 788 1458 notiffimUS,
825 1396 1100 1448 conficere:
1145 1400 1314 1463 Qiem
1337 1393 1424 1449 nifi

191 1469 288 1525 fata
310 1475 549 1524 maturius
575 1471 883 1539 abstulissent,
909 1471 1014 1542 spes
1035 1486 1154 1536 erat,
1176 1470 1425 1536 futurum,

192 1561 244 1600 vt
272 1547 479 1601 hortatu
512 1565 630 1600 meo
663 1549 899 1616 quasdam
940 1548 1255 1601 medicorum
1294 1549 1424 1601 Ara-

191 1624 313 1677 bum
338 1624 583 1677 verfiones
608 1624 757 1678 daret.
843 1627 1054 1676 Memini
1086 1628 1234 1693 enim,
1268 1643 1349 1677 me
1379 1627 1427 1678 ei

191 1699 356 1770 paullo
400 1714 537 1767 ante,
573 1719 721 1770 quam
757 1702 890 1754 diem
941 1700 1122 1766 obiret,
1163 1700 1425 1754 audiorem

189 1776 537 1846 suasoremque
570 1777 690 1843 effe,
744 1792 797 1830 vt
846 1781 995 1830 EBN
1033 1782 1203 1830 SINA
1243 1775 1424 1848 potiffi-

191 1873 333 1907 mum
367 1854 585 1925 eligeret,
628 1873 780 1922 quem
817 1873 994 1907 omnes
1033 1853 1154 1906 olim
1198 1856 1425 1908 admirati

192 1930 316 1998 sunt,
358 1947 425 1996 et,
464 1930 497 1984 fi
538 1933 660 1984 tanti
698 1933 961 1998 videretur,
1005 1949 1117 1984 eam
1147 1931 1424 1985 verfionem

191 2008 524 2078 peruetustam
563 2007 708 2060 limae
748 2007 1033 2076 subiiceret‚
1078 2012 1216 2061 cuius
1252 2009 1420 2062 codex

192 2085 302 2138 Mst.
324 2085 371 2152 ⁰)
407 2088 457 2136 in
493 2083 800 2138 bibliotheca
829 2083 1012 2138 Ienenfi
1045 2084 1242 2154 publica
1274 2100 1425 2210 extg,

1308 2176 1330 2208 a
1413 2196 1423 2208 .

245 2227 290 2278 n)
314 2224 365 2266 cf.
405 2225 509 2266 Clar.
549 2238 772 2267 seni-211).
814 2225 885 2265 Or.
929 2226 991 2266 De
1030 2225 1210 2267 fontibus
1253 2227 1419 2270 litterat.

317 2282 442 2323 Arab.
468 2284 628 2336 apertis.
663 2283 704 2321 iu
727 2281 836 2322 Vsum
870 2282 1094 2335 disciplinar
1140 2284 1261 2324 latius
1293 2286 1422 2325 multo

317 2338 586 2385 redimendis,
627 2338 849 2378 Harderov.
890 2343 1005 2389 1767.
1054 2346 1094 2378 et
1125 2340 1245 2380 secus.
1287 2344 1328 2380 in
1360 2342 1420 2382 231.

317 2407 604 2435 OELRICHS
645 2395 776 2447 Belgii
817 2394 910 2438 Litt,
948 2395 1092 2448 Opusc.
1141 2396 1238 2438 Hist.
1278 2397 1420 2438 philol.

320 2450 470 2491 Theoi.
500 2450 549 2489 Τ.
574 2450 605 2490 Ι.
637 2463 673 2489 n.
701 2466 717 2499 3

247 2506 288 2561 ο)
316 2505 383 2547 Est
403 2506 474 2546 iste
495 2509 579 2547 cod.
604 2507 824 2547 membran.
852 2507 972 2549 seculi
997 2507 1110 2550 XIV.
1142 2507 1261 2548 lincis
1286 2508 1424 2551 subdu·

319 2562 397 2603 stis
427 2569 468 2602 et
500 2563 615 2603 zifris
644 2564 823 2603 arabicis.
895 2567 928 2606 Α
965 2567 1089 2605 latere
1121 2565 1307 2610 serim-zm
1339 2567 1422 2607 cst:

319 2619 389 2670 Jstc
411 2619 587 2671 musicum
606 2621 706 2658 debet
726 2624 806 2658 ‹fat-i
824 2621 995 2660 monachis
1018 2622 1133 2673 :afim-a
1160 2637 1235 2660 cam
1261 2638 1422 2662 aemio:

321 2674 370 2715 In
393 2673 472 2714 fine
499 2677 698 2716 adduntur
720 2679 914 2731 quaedam
950 2679 1249 2719 confectionum
1268 2680 1418 2720 {offiiu-

318 2731 397 2785 lae,
426 2732 637 2774 cuiusdam
666 2746 825 2775 AMEr
837 2749 869 2788 1,
895 2734 971 2776 filii
994 2747 1125 2777 ISAA
1141 2750 1173 2775 c.
