1701 2990
284 212 390 269 104
484 212 564 255 DE
598 214 853 255 MANNA
887 213 1319 256 EBRAEORVM.

280 326 401 376 ribus
425 328 535 375 nasci
555 322 722 395 scripsit,
756 329 890 376 modo
918 329 1127 386 eiusdem,
1157 327 1374 377 fraxinum
1395 349 1498 381 cum

281 418 376 450 taxo
405 406 693 469 permutandi,
734 407 924 468 pronitas
959 421 1000 452 et
1028 423 1171 452 error:
1214 407 1347 454 modo
1377 405 1502 456 fraxi-

283 496 445 526 norum
472 497 552 545 per
572 480 811 528 Calabriam
843 484 991 528 raritas
1027 499 1100 529 aut
1120 482 1252 530 serior
1272 484 1439 530 cultura
1460 501 1502 532 et

282 555 517 603 aduentus:
573 558 706 604 modo
736 561 1060 614 Romanorum,
1098 562 1274 606 cortices
1316 558 1503 607 fraxino-

281 649 382 678 rum
404 631 630 689 sauciandi,
653 650 726 680 aut
745 634 1000 689 cicadarum,
1018 636 1241 699 pungendi
1262 636 1500 683 earundem

280 704 472 769 frondes,
495 708 720 756 inscientia.
738 696 753 707 ἱ
809 711 893 758 Sed
912 709 1148 758 insinuabat
1167 712 1207 759 se
1232 730 1406 778 quoque
1427 711 1502 760 sua

282 787 493 852 cuiusque
524 785 770 850 suspicionis
799 787 917 833 haud
948 787 1056 833 leuis
1088 789 1502 853 temeritas'species-

283 877 368 926 que
396 880 418 909 a
448 880 552 909 vero
582 864 753 924 longius
784 863 1034 909 abhorrens.
1111 864 1315 911 Tandem
1346 867 1391 912 in
1420 866 1503 913 hac

283 937 674 1002 conquiescendum
703 938 907 985 sententia
934 942 1110 1004 putaui,
1154 957 1383 1006 quousque
1414 958 1500 988 cer-

280 1015 364 1059 tius
386 1015 490 1079 quid
510 1012 766 1072 innotuisset,
796 1033 897 1062 cum
919 1033 972 1062 ne
995 1016 1125 1062 hodie
1147 1018 1324 1081 quidem
1347 1035 1500 1064 omnes

282 1087 435 1137 fraxini
457 1094 500 1138 in
526 1092 732 1148 Calabria,
771 1092 934 1138 nedum
958 1095 1002 1138 in
1028 1092 1222 1140 vniuersa
1242 1094 1361 1140 Italia
1382 1111 1501 1141 man-

284 1183 386 1214 nam
406 1165 604 1227 fundant,
634 1167 705 1216 sed
736 1185 876 1214 certus
907 1169 1039 1214 modo
1069 1168 1258 1233 ipsarum
1279 1187 1501 1228 numerus,

283 1247 353 1288 cui
372 1245 520 1307 plures
542 1243 702 1291 steriles
726 1260 765 1291 et
786 1243 912 1290 {iccae
934 1243 1178 1292 interie‘Ctae
1198 1247 1500 1309 reperiuntur;

280 1320 399 1367 haud
419 1317 631 1367 difficilius
652 1322 830 1381 intelligi
852 1317 979 1385 poffc,
1022 1338 1106 1385 qua
1138 1324 1300 1368 ratione
1332 1319 1499 1371 sagium

280 1395 340 1452 fit,
381 1412 427 1444 vt
457 1397 524 1443 vel
557 1414 709 1444 omncs
739 1397 844 1443 olim
883 1397 967 1443 hoc
996 1398 1152 1444 melleo
1186 1398 1354 1462 liquore
1384 1416 1499 1447 care-

282 1489 389 1521 rent.
464 1473 546 1521 Sed
566 1491 701 1538 pergo
731 1473 784 1519 ad
813 1473 979 1538 reliqua
1008 1490 1191 1520 mannae
1225 1491 1394 1535 genera,
1433 1492 1500 1524 ea-

283 1567 368 1615 que
391 1552 568 1598 Graecis
587 1568 635 1597 ac
656 1552 817 1599 Latinis
840 1552 978 1612 magis
1000 1553 1241 1617 peregrina.

803 1685 837 1744 §·
885 1686 974 1730 ΧΠ.

678 1754 863 1807 Mamm
901 1749 1103 1807 cedrina.

292 1883 294 1886 >
426 1857 497 1905 Ad
521 1858 721 1924 quintum
752 1859 881 1919 igitur
922 1857 1070 1904 locum
1108 1853 1295 1904 refertur
1329 1869 1499 1906 manna

282 1923 501 1980 cedrina:
563 1951 673 2000 quae
703 1935 882 1999 quidem
917 1937 1002 1980 iam
1038 1936 1496 1983 HIPPOCRATI

280 2026 532 2068 memorata,
555 2011 594 2073 c)
632 2011 772 2059 multo
794 2011 964 2077 planius
985 2025 1113 2076 atque
1134 2010 1317 2068 vberiUS‚
1347 2030 1500 2078 quam-

1365 2106 1499 2154 quam

332 2192 372 2242 c)
401 2191 464 2230 De
488 2192 672 2231 Vlccribus
694 2203 730 2243 p.
748 2193 838 2243 876.
869 2193 932 2233 ed.
958 2203 1158 2234 FOESII.
1220 2192 1352 2234 Verba
1387 2193 1499 2236 sunt:

406 2248 497 2299 ὄινος,
536 2254 621 2295 μελι
652 2246 798 2301 κεδρινον,
838 2249 951 2298 ὂλιγον
981 2247 1058 2290 δίο.
1143 2248 1222 2290 Sed
1265 2263 1366 2291 FOE
1379 2264 1400 2290 S
1416 2262 1499 2291 IVS

403 2304 446 2345 in
469 2304 676 2345 discrimen
705 2311 747 2345 et
775 2305 1067 2346 dubitationem
1101 2306 1271 2346 adduxit
1309 2307 1415 2346 hunc
1440 2306 1501 2346 lo·

405 2372 511 2410 curn,
545 2359 628 2414 post
648 2366 732 2408 μελι
753 2361 904 2402 intruso
933 2379 1004 2410 naq.
1079 2360 1273 2402 Probatur
1303 2376 1328 2403 F
1342 2376 1438 2403 ons
1451 2375 1498 2402 11

404 2418 634 2457 emendatio
663 2430 688 2457 F
700 2431 725 2456 o
737 2431 764 2457 τ
775 2432 806 2458 11
818 2431 846 2458 Ε
858 2432 886 2460 R
898 2431 994 2459 (311⁴
1006 2431 1032 2457 L
1045 2431 1059 2456 1
1073 2431 1110 2469 o,
1150 2418 1202 2459 M.
1238 2418 1288 2458 D.
1317 2419 1359 2460 in
1388 2418 1500 2471 olfi’r-

404 2477 540 2512 vatiam
561 2489 604 2512 οη
619 2472 675 2512 the
697 2488 822 2512 manna
842 2475 1033 2526 Pedicant,
1052 2474 1094 2514 in
1106 2474 1351 2527 Philosophical
1367 2476 1499 2514 Trans-

403 2530 546 2580 amous,
569 2528 660 2571 Vol.
676 2528 823 2571 XLIII.
845 2543 880 2570 n.
894 2545 987 2581 472.
1000 2543 1036 2584 p.
1055 2546 1116 2583 92.
1140 2538 1364 2585 propterea,
1376 2530 1496 2584 quod,

402 2583 432 2626 fi
449 2585 529 2627 iam
556 2598 957 2630 HIPPOCRATES
993 2600 1178 2630 mannam
1205 2588 1255 2628 ad
1282 2587 1400 2683 vsung·
1416 2598 1499 2625 me-

1390 2653 1499 2682 icum

1693 337 1701 355 z-
