1701 2990
278 214 352 288 96
488 232 566 273 DE
605 231 856 272 MANNA
894 232 1346 289 EBRAEORVM,

279 366 328 394 re
351 347 503 403 mellis,
534 363 687 394 neutra
707 364 826 412 parte
848 346 1100 394 sententiam
1119 346 1239 393 suam
1261 347 1500 393 rationibus

281 422 585 479 confirmante,
642 425 779 470 immo
838 442 893 470 ne
950 423 1251 470 subdubitante
1310 423 1502 487 quidem.

279 499 497 563 Equidem
526 502 797 546 LECHIO
828 502 1011 547 maxime
1031 498 1238 558 assentior,
1261 503 1318 545 ita
1344 515 1504 554 tamen,

280 591 326 621 vt
346 593 401 621 ne
430 579 836 623 BAVHINVM
866 575 1038 641 prorsus
1060 576 1263 622 deseram.
1338 578 1504 639 Neque

281 654 401 699 enim
432 668 563 708 tanto,
594 653 701 709 alter
730 652 782 699 ab
814 654 958 709 altero,
995 651 1149 699 distant
1181 651 1420 705 interuallo,
1459 666 1505 698 vt

281 730 461 790 gratiam
490 731 600 777 inire
635 728 781 776 secum
815 745 1042 794 nequeant.
1162 732 1322 775 Omnia
1365 731 1502 774 PLI-

281 809 415 853 NIV
426 808 452 850 S
492 806 545 851 ad
575 807 715 853 mellis
748 824 894 852 rorem
914 805 1007 851 satis
1030 805 1215 870 apposite
1241 805 1352 861 dixit,
1382 820 1502 867 prae-

279 879 423 927 sertim
446 882 562 927 nulla
594 881 816 942 singularis
846 882 1071 928 cuiusdam
1096 881 1258 927 arboris
1282 882 1505 926 mentione

278 956 447 1004 inieRa.
537 960 621 1004 Sed
643 975 745 1004 cum
761 959 916 1005 iisdem
937 956 1179 1015 frondibus,
1212 975 1318 1020 quas
1346 956 1505 1002 melleo

279 1032 357 1081 suo
379 1034 576 1099 Aphides
607 1051 877 1081 excremento
909 1034 1191 1099 conspergere
1220 1032 1368 1088 solent,
1409 1049 1505 1096 par-

279 1113 360 1157 tim
390 1123 560 1156 mamm
588 1128 799 1176 erumpat,
833 1114 941 1175 quis,
972 1111 1025 1157 de
1058 1128 1144 1156 vno
1173 1110 1301 1155 melle
1339 1108 1505 1155 roscido

277 1190 596 1234 PLINIVM
617 1187 748 1233 verba
768 1185 920 1242 fecisse,
943 1184 1157 1232 affirmet?
1193 1189 1332 1231 BOV
1343 1187 1507 1231 SSIE·

280 1267 433 1310 RIVS
482 1279 596 1310 certe
633 1277 828 1310 mannae
860 1278 1000 1323 guttas
1040 1260 1341 1310 vetustioribus
1378 1260 1506 1306 robo-

277 1357 380 1386 rum
401 1337 517 1386 foliis
540 1339 766 1386 insidentes
787 1339 904 1397 Vidit,
932 1342 990 1385 ita
1015 1339 1193 1403 quidem
1214 1339 1314 1383 alias
1338 1336 1390 1383 ab
1413 1337 1506 1383 aliis

277 1415 486 1481 separatas
509 1433 638 1481 atque
669 1415 890 1474 seiunRas,
923 1431 967 1462 vt
995 1417 1063 1462 vel
1094 1414 1348 1460 canaliculos
1377 1410 1505 1460 folio-

276 1510 379 1539 rum
401 1511 448 1539 ac
471 1495 572 1549 vias,
604 1493 730 1549 vnde,
771 1509 978 1556 tanquam
1015 1510 1037 1538 c
1072 1491 1324 1547 carceribus,
1360 1490 1505 1554 prodi-

276 1567 409 1627 issent,
437 1570 565 1616 oculo
585 1569 886 1616 monstrarent.
963 1569 1059 1624 Sed,
1087 1568 1216 1632 super
1249 1567 1406 1614 eodem
1439 1584 1505 1612 ar-

276 1646 438 1693 borum
461 1664 620 1707 genere
643 1646 694 1692 ab
718 1645 883 1693 inseetis
906 1646 1115 1692 melleum
1136 1646 1352 1708 liquorem
1375 1660 1503 1703 gene·

275 1725 378 1785 rari,
421 1724 540 1770 idem
562 1722 817 1769 obseruauit.
892 1722 1034 1777 Addo,
1059 1721 1177 1785 quod
1212 1722 1502 1766 PLINIVS

278 1817 368 1846 non
396 1802 547 1860 magis,
580 1816 711 1863 quam
732 1801 1241 1855 ARISTOTELES,
1285 1798 1506 1842 THEO-

275 1879 502 1924 PHRAS
518 1880 654 1922 TVS
692 1877 849 1939 aliique
881 1891 1078 1921 veterum
1104 1873 1319 1921 eiusmodi
1340 1872 1428 1917 mel
1448 1872 1503 1917 ab

277 1953 429 2018 apibus
460 1953 615 2013 colligi,
653 1951 921 2015 colle&oque
952 1952 1075 1998 cellas
1105 1951 1263 2015 repleri
1297 1948 1502 1995 arbitren-

275 2046 361 2085 tur,
396 2031 540 2075 minus
572 2029 750 2092 quidem
782 2027 1023 2074 honorifico
1055 2031 1101 2074 in
1134 2045 1232 2091 apes
1257 2027 1426 2083 iudicio,
1460 2040 1502 2070 at

277 2109 444 2152 veriore
479 2103 665 2163 forsitan,
721 2123 852 2170 quam
898 2105 1016 2169 quod
1055 2104 1181 2152 multi
1208 2101 1500 2168 posteriorum

275 2198 528 2247 temporum
551 2181 747 2229 austores
769 2184 974 2237 tulerunt,
1015 2183 1102 2246 qui,
1123 2178 1280 2227 reieRa
1303 2194 1498 2225 veterum

275 2259 493 2316 sententia,
511 2275 680 2305 tantum
702 2277 724 2305 e
746 2258 931 2306 floribus
953 2277 1052 2322 apes
1074 2256 1226 2318 sugere
1248 2257 1499 2310 humorem,

275 2353 466 2399 eumque
486 2337 530 2380 in
553 2337 792 2383 ventriculo
814 2334 1027 2397 digestum
1057 2339 1102 2380 in
1124 2334 1263 2379 mellis
1285 2335 1498 2378 rationem

274 2430 320 2460 ac
346 2428 545 2458 naturam
568 2429 835 2460 commutare
856 2413 1034 2461 mallent
1053 2409 1115 2470 m).
1162 2414 1219 2456 At
1240 2427 1329 2455 non
1351 2405 1498 2454 defue-

1392 2498 1497 2529 runt

326 2559 381 2609 m)
410 2556 471 2597 Ex
490 2558 631 2599 multis
652 2558 821 2612 scriptis,
855 2571 956 2612 quae
978 2557 1026 2597 de
1047 2554 1168 2609 apibus
1196 2552 1328 2594 nostra
1347 2565 1498 2592 memo-

397 2613 457 2653 ria
478 2613 726 2668 prodierunt,
761 2613 903 2656 sufficit
931 2615 996 2656 hic
1023 2609 1173 2654 notaffe
1204 2625 1226 2650 a
1249 2611 1373 2649 Lettcr
1394 2610 1497 2662 from

1253 2676 1496 2708 Anruvss
