1701 2990
441 243 518 284 DE
552 238 810 282 MANNA
850 239 1171 280 ARABICA·
1313 238 1425 297 119

190 358 335 405 colore
358 361 470 405 inter
491 356 663 405 fuscum
685 374 727 404 et
748 357 979 405 rubentem
999 356 1156 403 medio.
1205 358 1417 402 Tertium

189 451 327 495 genus
357 438 524 495 magnis
555 434 690 496 glebis
721 435 892 490 aduehi,
934 431 1120 480 admistis
1151 432 1416 497 plerumque

187 509 326 565 foliis,
370 511 586 558 calabrino
614 510 849 575 persimile:
912 508 1074 557 deferri
1108 527 1155 555 ex
1182 501 1416 566 Bochara,

187 586 294 634 vrbe
315 586 475 633 Persica
497 588 735 635 admodum
757 586 936 633 celebri:
974 586 1090 632 aliud
1111 601 1257 632 autem
1277 602 1415 646 genus

187 680 238 710 ex
260 660 433 709 Ormus
460 666 671 727 emporio,
705 664 824 710 melli
848 663 1029 709 candido
1053 663 1263 726 depurato
1284 660 1415 726 perfi-

184 739 303 794 mile,
349 738 421 785 sed
449 737 574 786 facile
610 741 832 803 corrumpi
871 742 916 785 in
948 741 1029 786 hac
1058 741 1249 800 regione,
1293 737 1414 800 quod

185 817 331 862 vitreis
358 816 520 876 lagenis
552 833 640 861 non
672 813 915 862 afferuetur.
992 817 1075 861 His
1108 814 1224 860 aliud
1254 814 1413 860 adden-

186 891 295 937 dum
328 894 498 956 putauit
549 893 1160 939 CHRISTOPHORVS
1205 894 1246 950 A
1299 893 1414 936 CO-

184 970 212 1013 S
226 972 344 1022 TA,
405 967 596 1014 Ormufii
635 969 810 1024 venale,
854 968 989 1028 glebis
1030 965 1225 1013 constans
1264 967 1414 1031 paullo

184 1043 446 1102 maioribus,
493 1062 626 1108 quam
656 1044 948 1099 calabrinum,
989 1046 1134 1089 minus
1174 1044 1411 1089 candicans.

182 1119 267 1165 Sed
289 1120 394 1165 haec
426 1122 622 1184 quinque
652 1137 811 1180 genera
854 1123 1176 1169 ,GARCIAE
1213 1135 1254 1165 et
1293 1123 1413 1164 CO·

181 1198 420 1241 STAEO
475 1213 564 1241 non
605 1195 697 1242 satis
739 1194 962 1260 perspecsta
1003 1195 1056 1242 ad
1096 1196 1177 1241 tria
1213 1197 1412 1241 reuocari

183 1271 340 1317 debere
371 1269 485 1319 infra
515 1271 749 1318 ostendam.
859 1274 1169 1318 PROSPER
1217 1275 1412 1319 ALPI-

180 1350 321 1393 NVS
351 1340 405 1409 f)
449 1364 635 1412 quatuor
666 1350 892 1412 Aegyptiis
930 1346 1010 1394 effe
1048 1346 1189 1394 scribit
1209 1360 1408 1395 mannae

180 1440 363 1484 genera,
402 1427 599 1488 primum
636 1442 773 1486 grano
815 1423 1029 1470 mastichis
1069 1423 1226 1480 fimile,
1269 1427 1411 1470 Euro-

178 1501 297 1563 paeis
318 1493 578 1559 mastichini
598 1503 776 1547 nomine
797 1504 995 1547 veniens:
1034 1499 1271 1546 secundum
1290 1517 1411 1564 amy-

177 1576 246 1631 lo,
286 1575 485 1623 saccharo
525 1593 567 1624 et
608 1595 768 1624 manna
816 1576 1068 1624 mastichina
1104 1577 1408 1635 adulteratum,

179 1651 304 1698 nobis
334 1646 645 1701 bombacinzmz
679 1655 761 1700 dici
789 1652 976 1708 solitum,
1013 1653 1228 1699 Arabibus
1263 1668 1410 1699 autem

176 1744 415 1792 vtrumque
435 1722 769 1789 Sirclchostam:
813 1732 992 1775 tertium
1021 1728 1218 1787 rubrum,
1259 1746 1412 1789 grana-

177 1819 288 1860 tum,
326 1807 503 1851 nomine
530 1797 862 1870 terengclbillae
883 1824 932 1851 ex
954 1808 1172 1862 Armenia,
1198 1820 1409 1870 quartum

176 1881 396 1945 liquidum
431 1881 562 1928 instar
597 1883 750 1937 mellis,
788 1881 860 1928 sed
902 1881 1134 1945 aliquando
1176 1880 1409 1928 condensa-

175 1972 283 2012 tum,
320 1957 365 2003 id
395 1958 539 2019 colligi
572 1959 624 2005 de
646 1958 873 2004 arboribus
903 1961 1061 2004 montis
1082 1960 1197 2004 Sinai
1228 1976 1275 2003 ac
1305 1975 1408 2004 con-

175 2032 338 2080 sulibus
361 2036 492 2098 Cayri
524 2034 778 2096 degentibus
809 2053 833 2080 a
853 2036 1077 2080 monachis
1100 2036 1308 2080 Sinaiticis
1331 2034 1407 2080 do·

175 2127 233 2156 no
258 2107 418 2156 afferri.
496 2111 580 2157 Sed
611 2128 660 2157 ex
692 2113 758 2157 his
793 2127 982 2174 quatuor
1009 2110 1240 2171 generibus
1274 2109 1303 2155 fi
1335 2127 1407 2156 eo·
1441 2100 1449 2105 ⁶

175 2203 278 2233 rum
307 2188 525 2247 originem
555 2185 729 2252 spe&as‚
775 2189 855 2232 tria
887 2186 1113 2232 conflanda
1144 2186 1252 2242 sunt,
1291 2186 1404 2232 binis

173 2262 394 2327 prioribus
425 2262 609 2310 iunssim
650 2262 819 2318 sumtis,
862 2265 1029 2323 origine
1067 2266 1229 2328 quippe
1263 2261 1404 2308 masti-

173 2340 325 2385 chiuis.
386 2342 498 2385 Tria
520 2357 696 2404 quoque
719 2342 764 2385 in
786 2338 924 2385 Perfia
946 2342 1129 2403 reperiri
1163 2338 1315 2386 auffior
1341 2336 1402 2384 est

174 2417 633 2462 CHARDINIVS
671 2414 741 2478 8),
791 2414 863 2462 sed
896 2414 1053 2462 omiffis
1088 2413 1203 2475 fere,
1245 2414 1403 2480 quibus

812 2495 861 2538 H
886 2506 913 2548 4
1309 2489 1403 2537 infi-

218 2605 279 2658 f)
309 2605 367 2647 De
391 2607 574 2647 [Medicina
598 2609 813 2662 Aegypz‘imu
839 2605 915 2650 IV.
950 2621 987 2658 ς.

226 2666 271 2716 g)
305 2664 467 2718 Vogages
497 2679 538 2703 en
566 2665 689 2718 Panse,
719 2663 909 2707 Tom.ll.
933 2662 1059 2706 Amst.
1087 2678 1205 2716 1711.
1234 2675 1273 2716 p.
1299 2677 1363 2702 11.
