1701 2990
320 217 328 233 ‘
391 223 466 263 DE
505 216 757 262 MANNA
794 218 1231 261 EBRAEORVM.
1347 210 1419 276 87

187 356 320 404 quam
355 340 472 403 quod
502 340 691 386 alienum
717 338 952 400 minusque
973 334 1308 383 consentaneum
1329 334 1411 383 est:

185 431 281 461 tum
324 418 454 461 etiam
503 434 552 461 ex
592 415 796 461 Ebraicae
835 411 1122 478 affiniumque
1159 414 1414 474 linguarum

185 491 346 538 inscitia
365 494 471 537 haec
493 493 635 537 omnis
659 506 755 536 nata
779 488 838 535 est
860 488 1118 536 coniefi'tura.
1148 488 1196 550 3)
1263 490 1414 537 Multo

185 571 330 614 minus
365 568 567 613 audiendi
599 566 706 621 sunt,
739 568 815 630 qui
845 583 1052 612 mannam
1084 584 1108 611 a
1139 567 1340 631 portione
1362 559 1415 628 ᾗ)

184 660 259 692 aut
296 643 513 699 alimento,
536 637 569 698 i)
616 642 736 706 quod
769 640 976 706 praestitit
1015 642 1204 698 Ebraeis,
1250 641 1412 690 dietam

183 721 348 775 volunt,
370 735 443 765 aut
462 722 539 783 qui
557 718 625 765 vel
636 720 912 782 Aegyptiam,
938 719 1216 775 veffiinicam,
1240 719 1411 767 velGo-

184 797 345 843 thicam
366 796 574 855 linguam,
588 793 629 854 ἢ)
653 813 676 840 a
698 795 923 840 communi
935 797 1125 841 Orientis
1148 812 1272 841 more
1287 813 1413 860 pror·

184 871 253 919 sus
275 872 595 927 abhorrentem,
609 870 663 916 ad
682 871 796 916 illius
820 873 1088 917 notationem
1100 870 1414 932 illustrandam,

181 947 358 1013 prorsus
402 950 538 994 inuita
571 950 791 1002 Minerua,
835 945 1050 993 testantur.
1169 951 1260 995 Cur
1293 951 1413 996 enim

183 1024 394 1080 Arabum,
426 1024 583 1087 quibus
607 1022 666 1070 est
688 1022 800 1069 'istud
829 1040 991 1069 nomen
1021 1024 1152 1084 longe
1172 1022 1411 1071 familiaris-

182 1099 351 1154 fimum,
387 1115 551 1146 temere
574 1098 765 1145 deseram
790 1096 1097 1162 scriptionem?
1121 1100 1158 1159 ¹)
1223 1102 1276 1146 ad
1299 1118 1412 1165 quos

183 1176 236 1223 ab
266 1176 443 1222 Ebraeis
474 1176 655 1222 demum
685 1171 895 1230 transiisse,
931 1192 1071 1238 quum
1094 1193 1174 1233 res,
1205 1194 1315 1240 quae
1339 1194 1412 1223 eo·

184 1253 285 1303 dem
305 1252 558 1317 appelletur,
590 1268 678 1297 non
712 1253 875 1297 horum
905 1249 1045 1298 studio
1077 1268 1151 1298 aut
1172 1253 1340 1299 cultura
1362 1252 1411 1300 fit

774 1330 811 1373 F
847 1340 875 1382 4
1267 1346 1414 1394 reper—

237 1475 286 1529 g)
314 1472 363 1514 Id
383 1472 472 1513 satis
493 1483 696 1526 apparere,
709 1477 820 1525 pum,
833 1485 881 1512 ex
901 1478 997 1512 nota
1016 1487 1050 1512 a.
1082 1471 1236 1514 Placuit
1245 1475 1410 1528 quidem

311 1529 532 1576 nonnullis,
563 1528 733 1582 Dagescb,
769 1529 874 1582 quod
904 1532 1030 1570 verbo
1061 1541 1126 1580 rm,
1159 1530 1249 1581 mah,
1288 1531 1411 1571 inter-

314 1586 411 1626 dum
440 1584 656 1637 subiicitur,
695 1599 718 1624 a
751 1583 944 1636 scriptura
966 1584 1076 1624 verbi
1110 1596 1152 1635 υ)
1184 1586 1273 1624 Man
1303 1587 1408 1627 duci.

310 1640 468 1681 Verum
498 1640 641 1688 nescio,
675 1652 756 1693 quo
784 1640 871 1679 iure
905 1639 1103 1679 anomalia
1133 1643 1411 1696 grammatica,

309 1696 541 1749 praesertim
566 1702 719 1734 temere
752 1695 930 1735 accusata
957 1701 999 1734 et
1032 1695 1234 1747 explicatu
1264 1697 1412 1753 facilis,

309 1751 456 1791 fiffitio
475 1751 713 1804 pronomine
733 1762 776 1801 m
799 1751 972 1791 excusari
998 1750 1125 1803 possit.

240 1807 282 1861 h)
311 1807 402 1848 Huc
434 1807 666 1847 referuntur
695 1806 864 1847 Rabbini
895 1820 1165 1851 RAscrssvs
1195 1813 1238 1848 et
1270 1823 1409 1851 ABE.

311 1875 512 1914 NESRA,
542 1863 609 1916 qui
639 1877 660 1901 a
682 1875 767 1909 nm,
797 1863 903 1917 quod
923 1863 972 1902 de
999 1871 1108 1903 certa
1138 1865 1320 1906 mensura
1341 1866 1408 1908 vel

311 1919 500 1974 portione
536 1918 654 1958 alicui
688 1917 851 1958 definita
879 1919 1069 1968 imminit,
1109 1919 1274 1961 duetum
1311 1938 1408 1962 man-

311 1991 376 2014 nae
408 1987 556 2014 nomen
580 1979 731 2027 putant.
805 1974 989 2022 Quorum
1009 1988 1090 2014 non
1109 1976 1255 2029 minus,
1284 1991 1405 2033 quam

310 2030 601 2084 insequentium
620 2027 831 2070 annorum
852 2032 1062 2084 opiniones
1085 2031 1254 2074 Arabica
1277 2036 1406 2076 nomi·

311 2087 385 2181 niss
398 2086 571 2140 scriptio,
601 2099 702 2140 quae
733 2086 868 2139 paullo
897 2085 982 2141 post
1012 2086 1214 2141 afferetur,
1244 2091 1404 2144 prorsus

318 2155 361 2183 re
406 2152 474 2181 uit.

245 2201 281 2249 i)
313 2155 435 2246 Quigfi
452 2195 604 2237 dietum
624 2195 671 2236 fit
692 2197 740 2237 ab
759 2197 935 2238 Arabico
959 2198 1083 2238 verbo
1117 2211 1188 2250 wo,
1218 2200 1324 2254 quod
1353 2201 1403 2242 de

318 2254 439 2293 rebus
462 2253 511 2292 ad
525 2253 652 2292 vitam
666 2252 949 2294 sustentandam
964 2253 1189 2296 necessariis
1205 2258 1246 2296 in
1258 2255 1323 2296 vsu
1333 2257 1401 2297 est.

242 2309 283 2362 k)
320 2309 410 2352 Vid.
447 2321 753 2349 nvx'roRru
782 2309 878 2350 Lex.
911 2311 1155 2350 nlngabb.
1177 2325 1212 2352 v.
1233 2324 1323 2365 mvn,
1359 2320 1401 2354 et

315 2376 548 2405 SIMONIS
574 2367 755 2404 Arcanum
771 2369 931 2417 fbmnar.
962 2379 987 2419 p
1017 2377 1103 2419 189.

240 2423 278 2473 l)
305 2420 379 2461 Per
398 2421 612 2461 Arabicam
634 2419 864 2475 scripturam
888 2435 967 2460 non
990 2421 1086 2462 licet
1105 2424 1232 2476 repeti
1254 2438 1401 2464 nomen

321 2476 494 2527 aliunde,
514 2475 585 2515 nili
605 2490 627 2515 a
648 2478 771 2516 verbo
794 2489 869 2528 3:72,
897 2478 1002 2530 quod
1023 2477 1090 2529 est,
1118 2479 1255 2533 largiri,
1276 2482 1399 2519 siluera-

320 2534 403 2570 liter
421 2533 583 2580 conferre
607 2532 807 2582 heneficium
825 2534 866 2573 in
887 2535 1070 2587 aliquem,
1093 2536 1292 2587 quomodo
1316 2549 1401 2576 ver-

322 2589 364 2628 bi
385 2587 512 2628 cauffa
532 2588 683 2642 legitur
700 2588 741 2627 in
751 2588 938 2629 Kor’aani
956 2602 1040 2642 cap.
1057 2588 1190 2630 XXII.
1208 2606 1270 2643 91.
1299 2593 1401 2633 vnde

317 2657 360 2695 3⁷³
386 2642 441 2684 est
459 2645 619 2700 largitas,
636 2648 772 2701 gratia,
792 2646 931 2700 donum,
958 2645 1096 2700 etipsa
1122 2660 1258 2691 manna.
