<?xml version="1.0" encoding="UTF-8"?>
<!DOCTYPE html PUBLIC "-//W3C//DTD XHTML 1.0 Transitional//EN"
    "http://www.w3.org/TR/xhtml1/DTD/xhtml1-transitional.dtd">
<html xmlns="http://www.w3.org/1999/xhtml" xml:lang="en" lang="en">
 <head>
  <title>
</title>
<meta http-equiv="Content-Type" content="text/html;charset=utf-8" />
  <meta name='ocr-system' content='tesseract 3.04.00' />
  <meta name='ocr-capabilities' content='ocr_page ocr_carea ocr_par ocr_line ocrx_word'/>
</head>
<body>
  <div class='ocr_page' id='page_1' title='image "./ioannisiacobirei00reisuoft_0014.png"; bbox 0 0 1701 2990; ppageno 0'>
   <div class='ocr_carea' id='block_1_1' title="bbox 235 238 1119 306">
    <p class='ocr_par' dir='ltr' id='par_1_1' title="bbox 235 238 1119 306">
     <span class='ocr_line' id='line_1_1' title="bbox 235 238 1119 306; baseline -0.001 -2"><span class='ocrx_word' id='word_1_1' title='bbox 235 238 315 304; x_wconf 79' lang='lat' dir='ltr'><strong>vl</strong></span> <span class='ocrx_word' id='word_1_2' title='bbox 603 242 1119 306; x_wconf 83' lang='lat' dir='ltr'>PRAEFATIO.</span> 
     </span>
    </p>
   </div>
   <div class='ocr_carea' id='block_1_2' title="bbox 229 371 1524 2573">
    <p class='ocr_par' dir='ltr' id='par_1_2' title="bbox 235 371 1478 898">
     <span class='ocr_line' id='line_1_2' title="bbox 239 371 1478 448; baseline 0.005 -22"><span class='ocrx_word' id='word_1_3' title='bbox 239 371 591 428; x_wconf 79' lang='lat' dir='ltr'><strong>mathematica</strong></span> <span class='ocrx_word' id='word_1_4' title='bbox 620 388 671 429; x_wconf 90' lang='lat' dir='ltr'><strong>et</strong></span> <span class='ocrx_word' id='word_1_5' title='bbox 683 375 993 448; x_wconf 81' lang='lat' dir='ltr'>philosophia</span> <span class='ocrx_word' id='word_1_6' title='bbox 1017 375 1222 430; x_wconf 85' lang='lat' dir='ltr'><strong>naturali</strong></span> <span class='ocrx_word' id='word_1_7' title='bbox 1241 374 1397 442; x_wconf 76' lang='lat' dir='ltr'><strong>fuisse,</strong></span> <span class='ocrx_word' id='word_1_8' title='bbox 1417 379 1478 438; x_wconf 71' lang='lat' dir='ltr'><strong>in</strong></span> 
     </span>
     <span class='ocr_line' id='line_1_3' title="bbox 238 449 1471 522; baseline 0.006 -21"><span class='ocrx_word' id='word_1_9' title='bbox 238 453 421 516; x_wconf 90' lang='lat' dir='ltr'><strong>quouis</strong></span> <span class='ocrx_word' id='word_1_10' title='bbox 444 449 720 506; x_wconf 88' lang='lat' dir='ltr'><strong>litterarum</strong></span> <span class='ocrx_word' id='word_1_11' title='bbox 741 470 924 522; x_wconf 85' lang='lat' dir='ltr'>genere</span> <span class='ocrx_word' id='word_1_12' title='bbox 944 457 1074 506; x_wconf 87' lang='lat' dir='ltr'><strong>viros</strong></span> <span class='ocrx_word' id='word_1_13' title='bbox 1089 453 1254 507; x_wconf 87' lang='lat' dir='ltr'><strong>claros</strong></span> <span class='ocrx_word' id='word_1_14' title='bbox 1278 453 1471 508; x_wconf 79' lang='lat' dir='ltr'><strong>habuis-</strong></span> 
     </span>
     <span class='ocr_line' id='line_1_4' title="bbox 237 524 1470 598; baseline 0.006 -21"><span class='ocrx_word' id='word_1_15' title='bbox 237 524 303 587; x_wconf 88' lang='lat' dir='ltr'><strong>se,</strong></span> <span class='ocrx_word' id='word_1_16' title='bbox 334 538 382 578; x_wconf 92' lang='lat' dir='ltr'><strong>et</strong></span> <span class='ocrx_word' id='word_1_17' title='bbox 413 545 531 579; x_wconf 78' lang='lat' dir='ltr'><strong>cuni</strong></span> <span class='ocrx_word' id='word_1_18' title='bbox 561 530 776 581; x_wconf 83' lang='lat' dir='ltr'>maxime</span> <span class='ocrx_word' id='word_1_19' title='bbox 809 528 1027 584; x_wconf 77' lang='lat' dir='ltr'><strong>medicos:</strong></span> <span class='ocrx_word' id='word_1_20' title='bbox 1083 535 1319 598; x_wconf 82' lang='lat' dir='ltr'><strong>Quorum</strong></span> <span class='ocrx_word' id='word_1_21' title='bbox 1350 549 1470 586; x_wconf 88' lang='lat' dir='ltr'><strong>cum</strong></span> 
     </span>
     <span class='ocr_line' id='line_1_5' title="bbox 237 602 1472 676; baseline 0.006 -24"><span class='ocrx_word' id='word_1_22' title='bbox 237 602 511 666; x_wconf 73' lang='lat' dir='ltr'><strong>interesset,</strong></span> <span class='ocrx_word' id='word_1_23' title='bbox 573 607 686 658; x_wconf 89' lang='lat' dir='ltr'><strong>artis</strong></span> <span class='ocrx_word' id='word_1_24' title='bbox 750 605 862 658; x_wconf 86' lang='lat' dir='ltr'><strong>suae</strong></span> <span class='ocrx_word' id='word_1_25' title='bbox 909 611 1172 676; x_wconf 85' lang='lat' dir='ltr'><strong>pomoeria</strong></span> <span class='ocrx_word' id='word_1_26' title='bbox 1231 604 1472 674; x_wconf 88' lang='lat' dir='ltr'><strong>proferre,</strong></span> 
     </span>
     <span class='ocr_line' id='line_1_6' title="bbox 239 682 1473 748; baseline 0.006 -20"><span class='ocrx_word' id='word_1_27' title='bbox 239 693 451 732; x_wconf 86' lang='lat' dir='ltr'><strong>omnem</strong></span> <span class='ocrx_word' id='word_1_28' title='bbox 473 695 741 734; x_wconf 88' lang='lat' dir='ltr'><strong>mouerunt</strong></span> <span class='ocrx_word' id='word_1_29' title='bbox 762 682 992 748; x_wconf 82' lang='lat' dir='ltr'><strong>lapidem,</strong></span> <span class='ocrx_word' id='word_1_30' title='bbox 1025 699 1075 734; x_wconf 84' lang='lat' dir='ltr'><strong>vt</strong></span> <span class='ocrx_word' id='word_1_31' title='bbox 1105 682 1345 736; x_wconf 85' lang='lat' dir='ltr'><strong>haberent</strong></span> <span class='ocrx_word' id='word_1_32' title='bbox 1369 700 1473 736; x_wconf 86' lang='lat' dir='ltr'><strong>ara-</strong></span> 
     </span>
     <span class='ocr_line' id='line_1_7' title="bbox 235 750 1472 825; baseline 0.006 -20"><span class='ocrx_word' id='word_1_33' title='bbox 235 750 350 806; x_wconf 86' lang='lat' dir='ltr'><strong>bice</strong></span> <span class='ocrx_word' id='word_1_34' title='bbox 374 755 628 825; x_wconf 79' lang='lat' dir='ltr'><strong>loquentes</strong></span> <span class='ocrx_word' id='word_1_35' title='bbox 671 759 1275 822; x_wconf 83' lang='lat' dir='ltr'><strong>HIPPOCRATEM,</strong></span> <span class='ocrx_word' id='word_1_36' title='bbox 1310 761 1472 812; x_wconf 76' lang='lat' dir='ltr'><strong>ARI-</strong></span> 
     </span>
     <span class='ocr_line' id='line_1_8' title="bbox 237 832 1259 898; baseline 0.005 -16"><span class='ocrx_word' id='word_1_37' title='bbox 237 832 701 898; x_wconf 80' lang='lat' dir='ltr'>STOTELEM‚</span> <span class='ocrx_word' id='word_1_38' title='bbox 736 835 1124 888; x_wconf 84' lang='lat' dir='ltr'><strong>GALENVM</strong></span> <span class='ocrx_word' id='word_1_39' title='bbox 1167 849 1259 887; x_wconf 84' lang='lat' dir='ltr'><strong>cet.</strong></span> 
     </span>
    </p>

    <p class='ocr_par' dir='ltr' id='par_1_3' title="bbox 230 910 1524 1898">
     <span class='ocr_line' id='line_1_9' title="bbox 389 910 1471 982; baseline 0.004 -21"><span class='ocrx_word' id='word_1_40' title='bbox 389 913 512 963; x_wconf 87' lang='lat' dir='ltr'><strong>Sunt</strong></span> <span class='ocrx_word' id='word_1_41' title='bbox 535 912 738 982; x_wconf 85' lang='lat' dir='ltr'><strong>quidem</strong></span> <span class='ocrx_word' id='word_1_42' title='bbox 769 910 997 980; x_wconf 85' lang='lat' dir='ltr'><strong>(fatebor</strong></span> <span class='ocrx_word' id='word_1_43' title='bbox 1019 913 1181 979; x_wconf 81' lang='lat' dir='ltr'><strong>enim)</strong></span> <span class='ocrx_word' id='word_1_44' title='bbox 1213 911 1326 965; x_wconf 83' lang='lat' dir='ltr'><strong>istae</strong></span> <span class='ocrx_word' id='word_1_45' title='bbox 1349 916 1471 965; x_wconf 86' lang='lat' dir='ltr'><strong>Ara-</strong></span> 
     </span>
     <span class='ocr_line' id='line_1_10' title="bbox 235 980 1470 1055; baseline 0.006 -21"><span class='ocrx_word' id='word_1_46' title='bbox 235 980 361 1035; x_wconf 90' lang='lat' dir='ltr'><strong>bum</strong></span> <span class='ocrx_word' id='word_1_47' title='bbox 382 985 627 1039; x_wconf 83' lang='lat' dir='ltr'><strong>versiones</strong></span> <span class='ocrx_word' id='word_1_48' title='bbox 654 1006 859 1041; x_wconf 85' lang='lat' dir='ltr'><strong>mancae</strong></span> <span class='ocrx_word' id='word_1_49' title='bbox 891 1004 938 1041; x_wconf 87' lang='lat' dir='ltr'><strong>et</strong></span> <span class='ocrx_word' id='word_1_50' title='bbox 960 988 1090 1040; x_wconf 83' lang='lat' dir='ltr'><strong>haud</strong></span> <span class='ocrx_word' id='word_1_51' title='bbox 1114 1006 1225 1041; x_wconf 82' lang='lat' dir='ltr'><strong>raro</strong></span> <span class='ocrx_word' id='word_1_52' title='bbox 1248 987 1470 1055; x_wconf 85' lang='lat' dir='ltr'><strong>vitiosae,</strong></span> 
     </span>
     <span class='ocr_line' id='line_1_11' title="bbox 236 1059 1470 1134; baseline 0.006 -24"><span class='ocrx_word' id='word_1_53' title='bbox 236 1059 314 1111; x_wconf 90' lang='lat' dir='ltr'><strong>vel</strong></span> <span class='ocrx_word' id='word_1_54' title='bbox 336 1066 447 1131; x_wconf 85' lang='lat' dir='ltr'><strong>quia</strong></span> <span class='ocrx_word' id='word_1_55' title='bbox 472 1066 521 1124; x_wconf 88' lang='lat' dir='ltr'><strong>ii,</strong></span> <span class='ocrx_word' id='word_1_56' title='bbox 555 1068 640 1134; x_wconf 88' lang='lat' dir='ltr'><strong>qui</strong></span> <span class='ocrx_word' id='word_1_57' title='bbox 660 1064 735 1116; x_wconf 90' lang='lat' dir='ltr'><strong>his</strong></span> <span class='ocrx_word' id='word_1_58' title='bbox 757 1065 1079 1118; x_wconf 85' lang='lat' dir='ltr'><strong>conficiendis</strong></span> <span class='ocrx_word' id='word_1_59' title='bbox 1102 1065 1238 1117; x_wconf 83' lang='lat' dir='ltr'><strong>suam</strong></span> <span class='ocrx_word' id='word_1_60' title='bbox 1262 1082 1470 1133; x_wconf 86' lang='lat' dir='ltr'><strong>operam</strong></span> 
     </span>
     <span class='ocr_line' id='line_1_12' title="bbox 232 1138 1470 1212; baseline 0.004 -24"><span class='ocrx_word' id='word_1_61' title='bbox 232 1138 500 1202; x_wconf 82' lang='lat' dir='ltr'><strong>nauabant,</strong></span> <span class='ocrx_word' id='word_1_62' title='bbox 542 1159 649 1194; x_wconf 90' lang='lat' dir='ltr'><strong>non</strong></span> <span class='ocrx_word' id='word_1_63' title='bbox 686 1141 798 1194; x_wconf 89' lang='lat' dir='ltr'><strong>satis</strong></span> <span class='ocrx_word' id='word_1_64' title='bbox 836 1160 1012 1212; x_wconf 86' lang='lat' dir='ltr'><strong>graece</strong></span> <span class='ocrx_word' id='word_1_65' title='bbox 1051 1141 1187 1194; x_wconf 58' lang='lat' dir='ltr'><strong>docti</strong></span> <span class='ocrx_word' id='word_1_66' title='bbox 1226 1140 1361 1194; x_wconf 82' lang='lat' dir='ltr'><strong>fuiffe</strong></span> <span class='ocrx_word' id='word_1_67' title='bbox 1400 1143 1470 1194; x_wconf 88' lang='lat' dir='ltr'><strong>vi-</strong></span> 
     </span>
     <span class='ocr_line' id='line_1_13' title="bbox 235 1212 1473 1289; baseline 0.003 -23"><span class='ocrx_word' id='word_1_68' title='bbox 235 1212 433 1278; x_wconf 89' lang='lat' dir='ltr'><strong>dentur,</strong></span> <span class='ocrx_word' id='word_1_69' title='bbox 469 1216 688 1289; x_wconf 85' lang='lat' dir='ltr'><strong>ideoque</strong></span> <span class='ocrx_word' id='word_1_70' title='bbox 711 1217 936 1271; x_wconf 51' lang='lat' dir='ltr'><strong>auctores</strong></span> <span class='ocrx_word' id='word_1_71' title='bbox 958 1219 1072 1271; x_wconf 88' lang='lat' dir='ltr'><strong>suos</strong></span> <span class='ocrx_word' id='word_1_72' title='bbox 1095 1217 1473 1286; x_wconf 87' lang='lat' dir='ltr'><strong>interpolarunt,</strong></span> 
     </span>
     <span class='ocr_line' id='line_1_14' title="bbox 232 1291 1472 1361; baseline 0.003 -19"><span class='ocrx_word' id='word_1_73' title='bbox 232 1307 330 1361; x_wconf 89' lang='lat' dir='ltr'><strong>pro</strong></span> <span class='ocrx_word' id='word_1_74' title='bbox 372 1291 534 1345; x_wconf 90' lang='lat' dir='ltr'><strong>lubitu</strong></span> <span class='ocrx_word' id='word_1_75' title='bbox 571 1310 854 1358; x_wconf 81' lang='lat' dir='ltr'>mutarunt,</span> <span class='ocrx_word' id='word_1_76' title='bbox 898 1296 1211 1358; x_wconf 77' lang='lat' dir='ltr'><strong>adiecerunt,</strong></span> <span class='ocrx_word' id='word_1_77' title='bbox 1247 1295 1472 1347; x_wconf 86' lang='lat' dir='ltr'><strong>detraxe-</strong></span> 
     </span>
     <span class='ocr_line' id='line_1_15' title="bbox 232 1368 1472 1434; baseline 0.002 -14"><span class='ocrx_word' id='word_1_78' title='bbox 232 1383 370 1433; x_wconf 83' lang='lat' dir='ltr'><strong>runt,</strong></span> <span class='ocrx_word' id='word_1_79' title='bbox 407 1368 688 1432; x_wconf 87' lang='lat' dir='ltr'><strong>secuerunt,</strong></span> <span class='ocrx_word' id='word_1_80' title='bbox 724 1370 954 1434; x_wconf 81' lang='lat' dir='ltr'><strong>vfferunt,</strong></span> <span class='ocrx_word' id='word_1_81' title='bbox 999 1390 1090 1424; x_wconf 91' lang='lat' dir='ltr'><strong>nec</strong></span> <span class='ocrx_word' id='word_1_82' title='bbox 1126 1371 1319 1423; x_wconf 86' lang='lat' dir='ltr'><strong>sensum</strong></span> <span class='ocrx_word' id='word_1_83' title='bbox 1345 1369 1472 1422; x_wconf 89' lang='lat' dir='ltr'><strong>sem-</strong></span> 
     </span>
     <span class='ocr_line' id='line_1_16' title="bbox 231 1444 1473 1516; baseline 0.002 -21"><span class='ocrx_word' id='word_1_84' title='bbox 231 1460 321 1514; x_wconf 87' lang='lat' dir='ltr'><strong>per</strong></span> <span class='ocrx_word' id='word_1_85' title='bbox 358 1444 557 1498; x_wconf 80' lang='lat' dir='ltr'><strong>affecuti</strong></span> <span class='ocrx_word' id='word_1_86' title='bbox 597 1445 730 1502; x_wconf 78' lang='lat' dir='ltr'><strong>sunt3</strong></span> <span class='ocrx_word' id='word_1_87' title='bbox 772 1449 846 1500; x_wconf 84' lang='lat' dir='ltr'><strong>vel</strong></span> <span class='ocrx_word' id='word_1_88' title='bbox 885 1450 998 1516; x_wconf 83' lang='lat' dir='ltr'><strong>qnia</strong></span> <span class='ocrx_word' id='word_1_89' title='bbox 1040 1447 1221 1499; x_wconf 88' lang='lat' dir='ltr'><strong>medici</strong></span> <span class='ocrx_word' id='word_1_90' title='bbox 1261 1445 1473 1511; x_wconf 87' lang='lat' dir='ltr'><strong>barbari,</strong></span> 
     </span>
     <span class='ocr_line' id='line_1_17' title="bbox 233 1521 1524 1593; baseline 0.003 -21"><span class='ocrx_word' id='word_1_91' title='bbox 233 1525 319 1593; x_wconf 90' lang='lat' dir='ltr'><strong>qui</strong></span> <span class='ocrx_word' id='word_1_92' title='bbox 364 1522 543 1575; x_wconf 79' lang='lat' dir='ltr'><strong>latinos</strong></span> <span class='ocrx_word' id='word_1_93' title='bbox 586 1521 814 1576; x_wconf 85' lang='lat' dir='ltr'><strong>fecerunt</strong></span> <span class='ocrx_word' id='word_1_94' title='bbox 853 1522 1075 1584; x_wconf 88' lang='lat' dir='ltr'><strong>Arabes,</strong></span> <span class='ocrx_word' id='word_1_95' title='bbox 1128 1542 1220 1576; x_wconf 90' lang='lat' dir='ltr'><strong>nec</strong></span> <span class='ocrx_word' id='word_1_96' title='bbox 1259 1521 1472 1585; x_wconf 84' lang='lat' dir='ltr'><strong>arabice,</strong></span> <span class='ocrx_word' id='word_1_97' title='bbox 1512 1583 1524 1592; x_wconf 53' lang='grc'><strong>,</strong></span> 
     </span>
     <span class='ocr_line' id='line_1_18' title="bbox 231 1599 1473 1670; baseline 0.001 -20"><span class='ocrx_word' id='word_1_98' title='bbox 231 1615 327 1650; x_wconf 92' lang='lat' dir='ltr'><strong>nec</strong></span> <span class='ocrx_word' id='word_1_99' title='bbox 370 1599 516 1651; x_wconf 70' lang='lat' dir='ltr'><strong>latine</strong></span> <span class='ocrx_word' id='word_1_100' title='bbox 560 1599 699 1668; x_wconf 85' lang='lat' dir='ltr'><strong>loqui</strong></span> <span class='ocrx_word' id='word_1_101' title='bbox 740 1600 1041 1657; x_wconf 77' lang='lat' dir='ltr'><strong>didicerant3</strong></span> <span class='ocrx_word' id='word_1_102' title='bbox 1091 1602 1263 1670; x_wconf 87' lang='lat' dir='ltr'><strong>negari</strong></span> <span class='ocrx_word' id='word_1_103' title='bbox 1303 1613 1473 1652; x_wconf 89' lang='lat' dir='ltr'><strong>tamen</strong></span> 
     </span>
     <span class='ocr_line' id='line_1_19' title="bbox 230 1674 1474 1746; baseline 0.002 -20"><span class='ocrx_word' id='word_1_104' title='bbox 230 1691 339 1726; x_wconf 90' lang='lat' dir='ltr'><strong>non</strong></span> <span class='ocrx_word' id='word_1_105' title='bbox 364 1677 535 1744; x_wconf 84' lang='lat' dir='ltr'><strong>potest,</strong></span> <span class='ocrx_word' id='word_1_106' title='bbox 575 1676 730 1729; x_wconf 87' lang='lat' dir='ltr'><strong>multa</strong></span> <span class='ocrx_word' id='word_1_107' title='bbox 758 1692 981 1729; x_wconf 70' lang='lat' dir='ltr'><strong>veterum</strong></span> <span class='ocrx_word' id='word_1_108' title='bbox 1001 1674 1274 1746; x_wconf 83' lang='lat' dir='ltr'><strong>fragmenta</strong></span> <span class='ocrx_word' id='word_1_109' title='bbox 1299 1689 1346 1727; x_wconf 86' lang='lat' dir='ltr'><strong>et</strong></span> <span class='ocrx_word' id='word_1_110' title='bbox 1369 1674 1474 1745; x_wconf 82' lang='lat' dir='ltr'><strong>pla·</strong></span> 
     </span>
     <span class='ocr_line' id='line_1_20' title="bbox 232 1751 1472 1821; baseline 0.002 -18"><span class='ocrx_word' id='word_1_111' title='bbox 232 1753 346 1814; x_wconf 86' lang='lat' dir='ltr'><strong>cita,</strong></span> <span class='ocrx_word' id='word_1_112' title='bbox 370 1770 496 1820; x_wconf 88' lang='lat' dir='ltr'><strong>quae</strong></span> <span class='ocrx_word' id='word_1_113' title='bbox 521 1754 677 1806; x_wconf 81' lang='lat' dir='ltr'><strong>hodie</strong></span> <span class='ocrx_word' id='word_1_114' title='bbox 699 1753 918 1821; x_wconf 80' lang='lat' dir='ltr'>nuspiam</span> <span class='ocrx_word' id='word_1_115' title='bbox 941 1769 1125 1820; x_wconf 78' lang='lat' dir='ltr'><strong>extant,</strong></span> <span class='ocrx_word' id='word_1_116' title='bbox 1148 1754 1353 1805; x_wconf 84' lang='lat' dir='ltr'><strong>istorum</strong></span> <span class='ocrx_word' id='word_1_117' title='bbox 1376 1751 1472 1805; x_wconf 87' lang='lat' dir='ltr'><strong>ho·</strong></span> 
     </span>
     <span class='ocr_line' id='line_1_21' title="bbox 231 1828 1406 1898; baseline 0.002 -17"><span class='ocrx_word' id='word_1_118' title='bbox 231 1831 426 1882; x_wconf 86' lang='lat' dir='ltr'><strong>minum</strong></span> <span class='ocrx_word' id='word_1_119' title='bbox 452 1828 706 1897; x_wconf 81' lang='lat' dir='ltr'><strong>diligentia</strong></span> <span class='ocrx_word' id='word_1_120' title='bbox 734 1844 784 1882; x_wconf 92' lang='lat' dir='ltr'><strong>et</strong></span> <span class='ocrx_word' id='word_1_121' title='bbox 807 1831 965 1898; x_wconf 79' lang='lat' dir='ltr'><strong>studio</strong></span> <span class='ocrx_word' id='word_1_122' title='bbox 989 1829 1083 1882; x_wconf 79' lang='lat' dir='ltr'><strong>effe</strong></span> <span class='ocrx_word' id='word_1_123' title='bbox 1103 1830 1406 1883; x_wconf 78' lang='lat' dir='ltr'><strong>conseruata.</strong></span> 
     </span>
    </p>

    <p class='ocr_par' dir='ltr' id='par_1_4' title="bbox 229 1907 1475 2516">
     <span class='ocr_line' id='line_1_22' title="bbox 383 1907 1473 1978; baseline 0.003 -22"><span class='ocrx_word' id='word_1_124' title='bbox 383 1907 617 1967; x_wconf 81' lang='lat' dir='ltr'><strong>Accedit,</strong></span> <span class='ocrx_word' id='word_1_125' title='bbox 642 1907 781 1978; x_wconf 90' lang='lat' dir='ltr'><strong>quod</strong></span> <span class='ocrx_word' id='word_1_126' title='bbox 792 1907 985 1960; x_wconf 84' lang='lat' dir='ltr'><strong>Arabes</strong></span> <span class='ocrx_word' id='word_1_127' title='bbox 1008 1907 1207 1968; x_wconf 87' lang='lat' dir='ltr'><strong>medici,</strong></span> <span class='ocrx_word' id='word_1_128' title='bbox 1223 1924 1325 1959; x_wconf 89' lang='lat' dir='ltr'><strong>non</strong></span> <span class='ocrx_word' id='word_1_129' title='bbox 1349 1909 1473 1959; x_wconf 69' lang='lat' dir='ltr'><strong>con-⁴</strong></span> 
     </span>
     <span class='ocr_line' id='line_1_23' title="bbox 232 1981 1473 2053; baseline 0.002 -19"><span class='ocrx_word' id='word_1_130' title='bbox 232 1984 359 2034; x_wconf 88' lang='lat' dir='ltr'><strong>tenti</strong></span> <span class='ocrx_word' id='word_1_131' title='bbox 395 1981 486 2034; x_wconf 88' lang='lat' dir='ltr'><strong>hac</strong></span> <span class='ocrx_word' id='word_1_132' title='bbox 520 1982 756 2036; x_wconf 87' lang='lat' dir='ltr'><strong>adscititia</strong></span> <span class='ocrx_word' id='word_1_133' title='bbox 791 1997 842 2036; x_wconf 90' lang='lat' dir='ltr'><strong>et</strong></span> <span class='ocrx_word' id='word_1_134' title='bbox 877 1988 1130 2053; x_wconf 83' lang='lat' dir='ltr'><strong>peregrina</strong></span> <span class='ocrx_word' id='word_1_135' title='bbox 1164 1987 1473 2036; x_wconf 85' lang='lat' dir='ltr'><strong>Graecorum</strong></span> 
     </span>
     <span class='ocr_line' id='line_1_24' title="bbox 231 2057 1475 2128; baseline 0.002 -18"><span class='ocrx_word' id='word_1_136' title='bbox 231 2057 463 2119; x_wconf 68' lang='lat' dir='ltr'><strong>scientia,</strong></span> <span class='ocrx_word' id='word_1_137' title='bbox 509 2059 656 2112; x_wconf 87' lang='lat' dir='ltr'><strong>multa</strong></span> <span class='ocrx_word' id='word_1_138' title='bbox 694 2059 809 2112; x_wconf 87' lang='lat' dir='ltr'><strong>hinc</strong></span> <span class='ocrx_word' id='word_1_139' title='bbox 842 2061 957 2113; x_wconf 88' lang='lat' dir='ltr'><strong>inde</strong></span> <span class='ocrx_word' id='word_1_140' title='bbox 992 2060 1310 2120; x_wconf 75' lang='lat' dir='ltr'><strong>addiderunt,</strong></span> <span class='ocrx_word' id='word_1_141' title='bbox 1347 2078 1475 2128; x_wconf 81' lang='lat' dir='ltr'><strong>quae</strong></span> 
     </span>
     <span class='ocr_line' id='line_1_25' title="bbox 230 2132 1473 2209; baseline 0.001 -21"><span class='ocrx_word' id='word_1_142' title='bbox 230 2132 401 2188; x_wconf 55' lang='lat' dir='ltr'><strong>frustm</strong></span> <span class='ocrx_word' id='word_1_143' title='bbox 429 2136 556 2206; x_wconf 62' lang='lat' dir='ltr'><strong>apud</strong></span> <span class='ocrx_word' id='word_1_144' title='bbox 580 2136 906 2189; x_wconf 84' lang='lat' dir='ltr'><strong>antecessores</strong></span> <span class='ocrx_word' id='word_1_145' title='bbox 941 2154 1214 2209; x_wconf 83' lang='lat' dir='ltr'><strong>quaereres.</strong></span> <span class='ocrx_word' id='word_1_146' title='bbox 1295 2139 1473 2205; x_wconf 85' lang='lat' dir='ltr'><strong>Ecquis</strong></span> 
     </span>
     <span class='ocr_line' id='line_1_26' title="bbox 232 2212 1473 2283; baseline 0.002 -19"><span class='ocrx_word' id='word_1_147' title='bbox 232 2216 367 2264; x_wconf 75' lang='lat' dir='ltr'><strong>enirn</strong></span> <span class='ocrx_word' id='word_1_148' title='bbox 391 2229 492 2265; x_wconf 81' lang='lat' dir='ltr'><strong>tani</strong></span> <span class='ocrx_word' id='word_1_149' title='bbox 518 2212 695 2280; x_wconf 79' lang='lat' dir='ltr'><strong>hospes</strong></span> <span class='ocrx_word' id='word_1_150' title='bbox 726 2227 873 2282; x_wconf 84' lang='lat' dir='ltr'><strong>atque</strong></span> <span class='ocrx_word' id='word_1_151' title='bbox 896 2217 1182 2283; x_wconf 68' lang='lat' dir='ltr'><strong>pereginus</strong></span> <span class='ocrx_word' id='word_1_152' title='bbox 1205 2216 1254 2265; x_wconf 90' lang='lat' dir='ltr'><strong>in</strong></span> <span class='ocrx_word' id='word_1_153' title='bbox 1277 2213 1473 2266; x_wconf 85' lang='lat' dir='ltr'><strong>historia</strong></span> 
     </span>
     <span class='ocr_line' id='line_1_27' title="bbox 229 2286 1473 2354; baseline 0.002 -14"><span class='ocrx_word' id='word_1_154' title='bbox 229 2286 465 2342; x_wconf 52' lang='lat' dir='ltr'><strong>litteraria</strong></span> <span class='ocrx_word' id='word_1_155' title='bbox 487 2294 527 2354; x_wconf 79' lang='lat'><strong>⁰)</strong></span> <span class='ocrx_word' id='word_1_156' title='bbox 558 2291 641 2351; x_wconf 89' lang='lat' dir='ltr'><strong>est,</strong></span> <span class='ocrx_word' id='word_1_157' title='bbox 672 2304 721 2342; x_wconf 91' lang='lat' dir='ltr'><strong>vt</strong></span> <span class='ocrx_word' id='word_1_158' title='bbox 757 2290 950 2353; x_wconf 82' lang='lat' dir='ltr'><strong>nesciat,</strong></span> <span class='ocrx_word' id='word_1_159' title='bbox 992 2289 1183 2342; x_wconf 78' lang='lat' dir='ltr'><strong>Arabes</strong></span> <span class='ocrx_word' id='word_1_160' title='bbox 1216 2309 1321 2342; x_wconf 86' lang='lat' dir='ltr'><strong>rem</strong></span> <span class='ocrx_word' id='word_1_161' title='bbox 1359 2290 1473 2342; x_wconf 88' lang='lat' dir='ltr'><strong>her-</strong></span> 
     </span>
     <span class='ocr_line' id='line_1_28' title="bbox 231 2362 1471 2437; baseline 0.002 -20"><span class='ocrx_word' id='word_1_162' title='bbox 231 2362 420 2418; x_wconf 67' lang='lat' dir='ltr'><strong>bariam</strong></span> <span class='ocrx_word' id='word_1_163' title='bbox 438 2364 610 2418; x_wconf 83' lang='lat' dir='ltr'><strong>sedulo</strong></span> <span class='ocrx_word' id='word_1_164' title='bbox 635 2366 849 2429; x_wconf 65' lang='lat' dir='ltr'><strong>coluisse,</strong></span> <span class='ocrx_word' id='word_1_165' title='bbox 876 2370 922 2419; x_wconf 85' lang='lat' dir='ltr'><strong>in</strong></span> <span class='ocrx_word' id='word_1_166' title='bbox 947 2387 986 2419; x_wconf 63' lang='lat' dir='ltr'><strong>cz</strong></span> <span class='ocrx_word' id='word_1_167' title='bbox 1004 2385 1221 2437; x_wconf 87' lang='lat' dir='ltr'><strong>-rporum</strong></span> <span class='ocrx_word' id='word_1_168' title='bbox 1244 2383 1471 2420; x_wconf 70' lang='lat' dir='ltr'><strong>naturam</strong></span> 
     </span>
     <span class='ocr_line' id='line_1_29' title="bbox 231 2441 1474 2516; baseline 0.001 -22"><span class='ocrx_word' id='word_1_169' title='bbox 231 2455 284 2495; x_wconf 87' lang='lat' dir='ltr'><strong>et</strong></span> <span class='ocrx_word' id='word_1_170' title='bbox 311 2445 414 2496; x_wconf 83' lang='lat' dir='ltr'><strong>vim</strong></span> <span class='ocrx_word' id='word_1_171' title='bbox 438 2441 749 2515; x_wconf 82' lang='lat' dir='ltr'><strong>inquifiuiffe,</strong></span> <span class='ocrx_word' id='word_1_172' title='bbox 772 2443 1019 2498; x_wconf 86' lang='lat' dir='ltr'><strong>chemiam</strong></span> <span class='ocrx_word' id='word_1_173' title='bbox 1049 2459 1324 2515; x_wconf 78' lang='lat' dir='ltr'><strong>Vtramque,</strong></span> <span class='ocrx_word' id='word_1_174' title='bbox 1347 2460 1474 2516; x_wconf 84' lang='lat' dir='ltr'><strong>quae</strong></span> 
     </span>
    </p>

    <p class='ocr_par' dir='ltr' id='par_1_5' title="bbox 1417 2537 1474 2573">
     <span class='ocr_line' id='line_1_30' title="bbox 1417 2537 1474 2573; baseline 0.018 -1"><span class='ocrx_word' id='word_1_175' title='bbox 1417 2537 1474 2573; x_wconf 89' lang='lat' dir='ltr'><strong>m</strong></span> 
     </span>
    </p>
   </div>
   <div class='ocr_carea' id='block_1_3' title="bbox 1490 349 1525 363">
    <p class='ocr_par' dir='ltr' id='par_1_6' title="bbox 1490 349 1525 363">
     <span class='ocr_line' id='line_1_31' title="bbox 1490 349 1525 363; baseline 0 0"><span class='ocrx_word' id='word_1_176' title='bbox 1490 349 1525 363; x_wconf 60' lang='lat' dir='ltr'><strong>‘x</strong></span> 
     </span>
    </p>
   </div>
   <div class='ocr_carea' id='block_1_4' title="bbox 283 2639 1470 2754">
    <p class='ocr_par' dir='ltr' id='par_1_7' title="bbox 283 2639 1470 2754">
     <span class='ocr_line' id='line_1_32' title="bbox 283 2639 1470 2697; baseline -0.001 -16"><span class='ocrx_word' id='word_1_177' title='bbox 283 2641 497 2692; x_wconf 72' lang='lat' dir='ltr'><strong>a&gt;cf.111.</strong></span> <span class='ocrx_word' id='word_1_178' title='bbox 529 2656 795 2684; x_wconf 72' lang='lat' dir='ltr'>HALLEm</span> <span class='ocrx_word' id='word_1_179' title='bbox 822 2642 923 2684; x_wconf 78' lang='lat' dir='ltr'><strong>Bibl.</strong></span> <span class='ocrx_word' id='word_1_180' title='bbox 947 2642 1036 2684; x_wconf 87' lang='lat' dir='ltr'><strong>Bot.</strong></span> <span class='ocrx_word' id='word_1_181' title='bbox 1069 2641 1125 2683; x_wconf 93' lang='lat' dir='ltr'><strong>T.</strong></span> <span class='ocrx_word' id='word_1_182' title='bbox 1147 2641 1176 2683; x_wconf 93' lang='lat'><strong>1.</strong></span> <span class='ocrx_word' id='word_1_183' title='bbox 1211 2655 1248 2697; x_wconf 86' lang='lat' dir='ltr'><strong>p.</strong></span> <span class='ocrx_word' id='word_1_184' title='bbox 1280 2655 1369 2694; x_wconf 86' lang='lat'>171.</span> <span class='ocrx_word' id='word_1_185' title='bbox 1392 2639 1470 2694; x_wconf 87' lang='lat' dir='ltr'><strong>seq.</strong></span> 
     </span>
     <span class='ocr_line' id='line_1_33' title="bbox 361 2698 1159 2754; baseline 0.003 -17"><span class='ocrx_word' id='word_1_186' title='bbox 361 2707 401 2738; x_wconf 84' lang='lat' dir='ltr'><strong>et</strong></span> <span class='ocrx_word' id='word_1_187' title='bbox 422 2698 524 2740; x_wconf 87' lang='lat' dir='ltr'><strong>Bibl.</strong></span> <span class='ocrx_word' id='word_1_188' title='bbox 546 2698 737 2754; x_wconf 84' lang='lat' dir='ltr'><strong>Chirurg.</strong></span> <span class='ocrx_word' id='word_1_189' title='bbox 769 2699 825 2740; x_wconf 84' lang='lat' dir='ltr'><strong>T.</strong></span> <span class='ocrx_word' id='word_1_190' title='bbox 842 2700 874 2740; x_wconf 86' lang='lat'><strong>1.</strong></span> <span class='ocrx_word' id='word_1_191' title='bbox 904 2712 944 2754; x_wconf 89' lang='lat' dir='ltr'><strong>p.</strong></span> <span class='ocrx_word' id='word_1_192' title='bbox 972 2715 1060 2753; x_wconf 84' lang='lat'>115.</span> <span class='ocrx_word' id='word_1_193' title='bbox 1083 2699 1159 2754; x_wconf 89' lang='lat' dir='ltr'><strong>seq.</strong></span> 
     </span>
    </p>
   </div>
  </div>
 </body>
</html>
