1701 2990
318 228 405 268 Ex
434 225 722 267 ARABVM
752 222 1212 266 MONIMENTIS·
1319 221 1391 279 59

173 344 244 390 tali
263 347 527 409 apparitione
550 335 647 410 pust
651 334 754 390 ulae
774 346 818 389 in
840 338 1035 399 ceruice,
1058 359 1181 405 quae,
1203 355 1249 387 vt
1270 354 1391 404 aper-

174 435 216 466 ta
238 418 333 476 fuit,
346 439 525 482 aegrum
545 419 718 466 sustulit.
767 420 913 466 Solent
933 422 990 465 ita
1011 417 1165 464 veficae
1187 433 1393 478 gangrae-

175 496 279 543 noso
301 499 448 543 ichore
466 496 671 557 turgidae,
691 511 732 542 et
751 497 969 560 praeclare
990 498 1300 541 TVLPIVS
1321 487 1392 555 *):

176 570 505 644 Gazggraenam
532 565 767 640 praecedit
794 568 963 641 aquosa
986 569 1109 619 cutis
1140 564 1310 631 vestm,
1347 575 1397 616 et

176 646 483 719 insbquentem
516 642 783 710 sphacelum
826 644 922 717 ipsa
960 659 1259 718 gangraena.

324 729 428 790 Cap.
457 730 506 772 X.
553 724 683 771 habet
727 723 1072 772 obseruationem
1126 721 1171 785 1)
1199 726 1267 770 Dc
1294 731 1396 791 apo·

169 796 333 868 plexicl
364 803 558 859 lanionis,
599 819 648 848 ex
683 800 754 847 esu
796 801 1032 848 crudorum
1065 803 1273 853 iecorum,
1317 815 1397 863 per

186 875 340 924 Venae
369 868 615 945 fi'c‘ffiovzem
659 894 813 924 curata.
896 876 944 937 2)
979 880 1047 923 De
1085 878 1240 924 eximio
1279 887 1399 929 cam-

172 946 345 1022 phorae
385 955 461 1002 vsu
499 958 543 1001 in
591 971 836 1016 gangraena
880 971 922 1001 et
959 952 1310 1000 conuulfionibus
1353 953 1399 998 in

177 1031 380 1078 membro
402 1047 637 1096 amputato.
691 1030 737 1087 3)
757 1034 824 1077 De
841 1022 987 1090 fi’hre
1008 1041 1248 1101 quartana
1272 1033 1403 1075 inter·

178 1110 388 1165 mittente,
433 1122 499 1162 70.
529 1106 826 1171 periodorum,
862 1125 910 1153 ex
942 1105 1242 1170 intempestiue
1267 1106 1404 1153 admi-

179 1183 350 1229 nistrata
374 1202 508 1231 venae
530 1182 728 1238 seelione,
755 1186 800 1229 in
820 1181 1039 1241 asthmate,
1067 1198 1112 1229 vt
1131 1183 1313 1238 videtur,
1344 1180 1404 1227 se·-

180 1261 268 1306 nili.
361 1261 410 1317 4)
444 1265 513 1307 De
541 1251 754 1327 hydropis
797 1278 876 1324 per
911 1259 1129 1306 clibanum
1171 1262 1406 1305 curatione.

177 1334 226 1396 5)
255 1339 323 1382 De
346 1336 590 1383 introduEla
610 1339 656 1382 in
680 1339 907 1383 Orientem
937 1354 1039 1383 cum
1058 1334 1296 1383 feliciffimo
1317 1334 1406 1381 suc-

179 1410 302 1467 cessu,
334 1417 443 1460 circa
464 1431 631 1459 annum
651 1412 903 1474 Hegschrae
927 1428 1025 1472 290.
1056 1413 1123 1471 (id
1143 1412 1214 1470 est,
1247 1409 1406 1459 Christi

182 1489 313 1548 902.)
346 1482 565 1538 medicina
585 1481 805 1558 frigida,
835 1492 880 1535 in
902 1489 1066 1536 morbis
1088 1490 1289 1553 plurimis
1312 1505 1408 1535 ner-

180 1583 352 1622 vorum,
387 1583 428 1613 vt
464 1570 508 1613 in
539 1565 732 1631 paralysi,
766 1565 933 1630 spasmo
967 1569 1130 1630 cynico,
1174 1566 1318 1620 colica,
1366 1579 1408 1611 et

182 1643 286 1698 aliis,
320 1659 363 1689 et
379 1643 616 1707 proscripto
638 1658 786 1688 contra
804 1645 1017 1703 regimine
1040 1642 1189 1698 calido,
1213 1644 1411 1705 datisque

182 1721 418 1782 oxycratis,
452 1719 804 1779 mucilaginibus,
844 1717 1013 1765 emulfis
1045 1718 1261 1765 seminum
1292 1715 1410 1778 frigi-

184 1795 370 1851 dorum,
411 1794 612 1860 iuffisque
650 1797 786 1856 aegris
838 1810 953 1841 extra
993 1794 1200 1855 stragulas
1237 1793 1410 1842 versari.

184 1871 359 1919 Nostris
381 1873 561 1937 quidem
588 1874 634 1918 in
664 1874 788 1918 terris
821 1874 1033 1918 contraria
1054 1870 1231 1936 prorsus
1254 1873 1323 1916 via
1352 1887 1412 1916 es.

182 1947 246 1996 set
265 1949 465 2007 ineunda,
499 1964 541 1995 et
568 1948 671 1994 tales
700 1950 817 2009 aegri
839 1949 975 1994 calido
997 1950 1211 2009 regimine
1234 1945 1412 1994 traglan-

187 2025 252 2080 di,
286 2028 493 2090 quoniam
528 2026 589 2071 illi
618 2024 761 2070 morbi
791 2021 946 2086 frigori
975 2025 1263 2089 vtplurimum
1296 2022 1413 2088 apud

187 2118 268 2147 nos
297 2105 342 2147 in
373 2104 554 2166 acceptis
583 2098 755 2148 ferendi
781 2099 890 2148 sunt.
934 2098 1041 2162 (vid.
1064 2103 1246 2147 CELS.
1272 2104 1347 2146 III.
1377 2114 1413 2153 3ἦ

196 2175 372 2246 Vtique
392 2172 514 2225 νεὲἷε
534 2169 678 2224 datur
697 2169 943 2236 castoreum
968 2187 1015 2224 et
1043 2190 1144 2223 cum
1173 2170 1253 2223 hoc
1279 2175 1415 2244 piper

187 2263 235 2302 et
255 2247 413 2317 ἧψαν.)
471 2254 555 2302 Sed
577 2257 621 2299 in
643 2256 821 2301 Oriente
843 2255 963 2302 haud
984 2271 1082 2300 raro
1103 2256 1371 2318 proueniunt
1391 2270 1415 2300 a

190 2331 333 2377 calidis
356 2331 457 2377 cibis
479 2346 520 2376 et
543 2331 878 2377 medicamentis,
954 2335 1131 2387 Ferunt,
1164 2331 1294 2376 Indos
1317 2329 1416 2375 ideo

188 2405 325 2454 saeuis
353 2408 493 2453 modis
516 2407 714 2462 conuelli,
739 2408 858 2470 quod
882 2406 947 2453 asa
968 2405 1130 2457 foetida
1150 2405 1416 2470 potissimum

190 2484 235 2529 in
256 2483 361 2530 cibis
380 2501 462 2548 pro
493 2484 771 2531 condimento
796 2499 986 2532 Vtuntur.
1065 2487 1206 2549 Supra
1237 2499 1418 2548 quoque

1314 2558 1418 2605 vidi—-

245 2653 290 2702 ³⁶>
320 2649 410 2692 obs.
440 2650 547 2692 Med.
574 2651 608 2693 1.
642 2665 680 2692 2.
720 2661 760 2705 p.
789 2665 823 2702 ς,
