1701 2990
294 297 329 345 4
690 292 1130 332 PROOEMIVM.

300 403 449 473 vulgo
489 403 742 454 RAZIM
783 402 1097 472 appellamus,
1152 403 1348 471 reperio
1394 400 1528 470 apud

300 482 349 532 A
365 484 400 530 B
415 484 454 529 V
492 481 540 531 O
555 483 582 530 S
598 483 634 529 E
649 484 663 529 1
678 481 772 529 BA
787 483 861 530 Μ.
938 479 1031 530 Sed
1053 477 1175 529 haec
1197 477 1399 548 quidem
1422 478 1528 530 duo

304 559 466 623 capita
489 570 539 607 et
561 559 716 607 maius
741 559 903 608 otium
934 556 1203 622 requirunt,
1244 571 1391 622 quam
1427 570 1529 621 quo

303 651 437 685 nunc
460 629 617 693 fruor,
658 648 708 683 ec
741 634 979 683 maiorem
1008 632 1118 681 artis
1139 630 1353 682 salutaris
1374 627 1531 692 vsum,

305 727 455 780 quam
491 712 576 777 qui
612 707 847 760 liacienus
887 709 1087 775 quidem
1122 707 1246 758 mihi
1298 708 1530 774 contigit.

305 783 561 836 Offerebat
591 784 635 836 se
666 785 893 852 deinceps
930 781 1153 845 morbus,
1189 800 1311 852 quo,
1344 781 1532 845 nescio,

305 879 367 914 an
389 860 511 912 vllus
547 860 663 912 alius
695 864 742 912 in
777 874 885 912 tota
906 859 1136 911 vetustate
1159 857 1212 910 sit
1234 857 1533 912 luculentius

306 951 454 1005 atque
477 936 682 1003 amplius
710 937 990 1004 descriptus.
1090 936 1189 1005 lpse
1220 933 1357 985 illum
1391 951 1534 1002 aeger

305 1013 532 1081 exposuit
556 1012 637 1064 sex
662 1012 812 1074 libris,
841 1029 967 1080 quos
999 1011 1163 1063 sacros
1200 1009 1423 1081 appellat,
1464 1011 1535 1060 vir

307 1088 587 1142 excellentis
615 1102 762 1160 atque
796 1088 1012 1141 sublimis
1051 1090 1237 1157 ingenii
1275 1101 1326 1139 et
1360 1084 1534 1138 facun-

307 1167 431 1227 diae,
469 1183 594 1233 quae
616 1165 690 1216 vel
715 1165 1127 1218 Demosthenicae
1151 1183 1255 1217 non
1282 1162 1537 1216 concedit.

305 1244 454 1294 Haud
480 1241 749 1294 obscurum
775 1243 856 1304 est,
891 1260 972 1293 me
1005 1242 1162 1292 AEL
1180 1245 1195 1290 1
1213 1244 1253 1289 V
1272 1244 1327 1291 M
1365 1239 1535 1289 ARl-

307 1321 623 1380 STlDEN‚
653 1318 1056 1380 Hadrianensem,
1084 1318 1336 1370 denotare.
1391 1318 1538 1367 Mor-

304 1394 399 1448 bus
435 1395 533 1463 ipse
572 1392 665 1446 fuit
699 1394 973 1460 diuturnuS‚
1016 1408 1065 1445 vt
1097 1397 1182 1464 qui
1215 1396 1308 1445 tria
1345 1395 1539 1461 integra

304 1470 444 1524 lustra
471 1474 652 1527 tenuit3
685 1468 780 1523 fuit
804 1488 956 1535 Γαῖος,
983 1469 1233 1535 mirabiliS,
1256 1467 1539 1537 stupe11duS‚

305 1548 557 1600 interdum
583 1561 633 1599 et
656 1547 904 1610 ridiculuS‚
929 1566 1145 1615 meoque
1168 1547 1355 1598 iudicio
1381 1562 1541 1597 mere-

307 1639 387 1678 tur
422 1623 887 1677 confiderationem.
992 1628 1113 1692 Qlo
1151 1622 1291 1675 illum
1330 1625 1539 1674 nomine

309 1699 576 1771 defignem,
604 1700 808 1770 ambigo
835 1701 1085 1769 equidem.
1148 1699 1358 1752 insaniae
1381 1715 1538 1767 genus

311 1792 411 1830 erat
433 1777 634 1848 aliquod
657 1775 752 1828 fine
780 1776 1067 1845 dubio‚quo
1093 1775 1349 1829 laborabat
1375 1775 1537 1827 homo

309 1869 475 1907 cetera
498 1851 874 1924 iapientiffimus.
939 1857 1139 1906 Interim
1160 1849 1540 1925 hypochondritin

292 1931 574 1997 fanaticam
595 1945 678 1983 aut
697 1927 1060 1994 emhztfiaslicmn
1088 1928 1358 1999 appellabo,
1437 1931 1538 1980 Ne-

311 2026 406 2075 que
434 2008 828 2060 contemnendus
862 2007 929 2059 est
957 2007 1197 2070 medich
1237 2009 1321 2078 qui
1350 2003 1539 2058 morbo

309 2084 429 2136 huic
453 2084 748 2137 debellando
774 2081 868 2135 fuit
904 2102 969 2135 ex
1008 2086 1142 2153 aegri
1169 2082 1371 2136 arbitrio
1398 2100 1540 2152 prae-

309 2158 500 2224 secius,
558 2160 655 2230 ipse
701 2174 837 2229 pater
899 2175 950 2213 et
1003 2160 1194 2230 praeses
1217 2204 1219 2206 .
1244 2160 1539 2224 medicinae,

309 2238 883 2301 AESCVLAPIVS.
982 2242 1042 2290 Et
1075 2237 1267 2306 prorsus
1306 2233 1540 2288 mirabilis

311 2317 523 2367 curatio,
549 2314 601 2382 *)
707 2318 873 2382 Quam
905 2313 984 2366 ille
1017 2313 1134 2366 deus
1167 2331 1371 2383 aegrum
1395 2313 1539 2364 suum

308 2390 477 2442 seuera
503 2391 750 2460 disciplina
777 2393 1018 2443 exercuit!
1091 2394 1258 2458 Quam
1291 2391 1540 2460 praecepit

309 2466 376 2520 illi
401 2468 538 2533 dura,
565 2467 774 2534 inutilia,
801 2470 967 2531 noxia,
1003 2466 1179 2537 quibus
1201 2466 1415 2521 ferendis
1442 2465 1538 2517 hu-

1362 2561 1538 2596 manae

365 2664 409 2714 ¹⁸¹)
438 2664 604 2705 Morbus
618 2666 742 2705 mirus
757 2670 798 2704 et
809 2665 939 2718 magis
952 2665 1052 2704 mira
1066 2665 1221 2706 curatio
1239 2678 1275 2706 v.
1289 2664 1395 2719 apud
1413 2677 1438 2705 Ρ
1451 2678 1476 2704 o
1489 2677 1535 2706 R·

439 2734 545 2762 PHY
558 2736 600 2762 R.
658 2721 722 2763 De
745 2720 995 2762 Abstinentia
1014 2721 1046 2762 Ι.
1075 2737 1135 2773 17.
