1701 2990
302 207 492 268 xxvi
647 174 1197 269 PRAEFATIO)

303 335 434 407 genii
477 336 782 400 ostenderat,
847 352 896 391 et
942 359 1059 392 cum
1099 340 1162 392 ad
1203 341 1526 409 intuendum,

303 429 416 466 tum
471 414 534 467 ad
581 415 875 468 imitandum
927 416 1169 484 expreffas
1224 434 1525 486 magnorum

302 493 524 542 virorum
558 493 793 559 imagines
823 509 1110 562 proponens
1139 496 1524 552 animumlmen-

302 580 508 635 temque
537 565 672 618 suam
706 567 789 619 ista
831 572 1137 637 cogitatione
1176 568 1527 622 conformarat.

301 641 532 695 Habebat
570 646 719 695 etiam
762 645 1097 698 eruditionem
1139 661 1190 699 et
1228 646 1528 716 linguarum,

300 718 585 789 praesertim
626 720 967 786 orientalium,
1009 722 1327 775 litteraturam
1356 737 1405 775 et
1439 740 1528 774 co-

300 799 580 866 gnitionem
617 813 720 848 non
753 801 1200 863 contemnendam,
1238 799 1407 852 iudicii
1442 798 1528 850 de-

301 875 454 943 nique
483 873 796 938 firmitatem,
848 893 973 942 quae
1007 895 1124 927 eum
1154 890 1273 927 tunc
1305 876 1530 942 demum,

303 966 418 1002 cum
452 951 652 1018 ingenio
683 952 828 1002 nimis
862 951 1155 1021 indulgeret,
1188 951 1437 1004 ‘deseruisse
1464 954 1529 1003 vi-

300 1024 348 1078 sa
380 1024 463 1078 est.
558 1029 649 1077 His
691 1026 958 1079 accedebat
997 1027 1283 1080 incredibile
1316 1027 1559 1099 honoris„

303 1102 515 1154 studium
556 1120 698 1154 more
743 1121 1046 1172 magnorum
1085 1104 1378 1167 hominum,
1427 1121 1530 1175 quo

302 1196 410 1232 non
440 1179 636 1241 iisdem,
689 1179 867 1249 quibus
900 1183 1026 1232 vitae
1067 1181 1276 1249 spatium
1316 1185 1529 1232 circum-

299 1253 536 1319 scriptum
577 1256 669 1318 est,
729 1256 1015 1324 regionibus
1064 1259 1396 1326 cogitationes
1431 1269 1530 1309 ter-

300 1334 517 1393 minare,
556 1332 635 1383 sed
669 1330 806 1382 latius
840 1332 1158 1400 exspatiatus,
1198 1337 1415 1384 nominis
1454 1332 1531 1384 sui

302 1410 603 1460 memoriam
636 1426 754 1460 cum
796 1411 936 1459 omni
974 1409 1250 1476 posteritate
1288 1410 1529 1480 adaequa-

300 1502 355 1536 re
388 1484 559 1536 voluit.
673 1487 830 1537 Porro
864 1487 1020 1539 inerat
1062 1488 1107 1536 ei
1149 1489 1268 1538 mira
1300 1485 1529 1538 laborum

301 1559 583 1623 tolerantia,
620 1578 770 1632 quam
803 1560 1018 1629 legendo
1050 1575 1097 1613 et
1132 1561 1388 1615 scribendo
1419 1563 1529 1614 latis

299 1637 538 1699 ostendit,
578 1640 702 1688 mira
731 1643 942 1689 comitas
974 1653 1025 1691 et
1057 1638 1339 1701 affabilitaS‚
1366 1638 1528 1690 sensus

298 1717 402 1765 veri
439 1729 489 1766 ct
535 1712 689 1780 pulcri
727 1711 1001 1782 lingularis,
1042 1732 1247 1766 morum
1289 1715 1529 1769 modestia

299 1806 351 1842 et
382 1793 432 1841 in
467 1793 653 1842 amicos
688 1807 829 1841 amor
861 1788 1071 1856 infiguis,
1176 1795 1247 1842 Ex
1278 1790 1352 1842 his
1385 1789 1530 1842 intel-

299 1866 493 1935 ligitur,
534 1865 665 1918 reste
700 1870 888 1919 amicos
930 1870 1036 1920 cius
1083 1884 1185 1919 non
1219 1866 1422 1935 sperasse
1450 1866 1530 1918 so-

298 1943 430 2005 lum,
472 1961 644 1995 verum
685 1946 834 1994 etiam
876 1943 1157 2006 confidiffe,
1192 1940 1446 2006 futurum,
1476 1956 1531 1997 vt

301 2019 504 2090 quaudo
549 2023 843 2072 meritorum
885 2018 1027 2072 lande
1074 2019 1372 2089 conspicuus
1416 2017 1530 2074 fatis

301 2096 617 2149 concederet.
693 2096 788 2149 Scd
808 2095 910 2163 spes
936 2094 1153 2148 frustrata
1175 2097 1254 2149 est.
1334 2100 1530 2150 Etenim

302 2188 406 2225 erat
456 2175 500 2224 F
516 2179 557 2225 A
584 2176 619 2224 13
641 2174 752 2225 ER
811 2174 975 2224 noller
1033 2176 1334 2242 cogitatione
1381 2176 1531 2239 celer,

299 2253 538 2318 temperie
570 2248 818 2302 cholerica
859 2263 910 2301 et
949 2249 1086 2301 sensu
1131 2267 1402 2302 neruorum
1445 2268 1530 2302 ex-

303 2324 600 2397 quifitiffimo
632 2326 905 2396 praedituS,
945 2329 1231 2380 iniuriarum
1268 2329 1531 2395 impatien-

300 2400 528 2464 tissimu5,
564 2421 656 2454 nec
689 2404 962 2456 calumniae
1003 2404 1127 2454 adeo
1158 2401 1435 2471 negligens,
1480 2415 1532 2454 vt

301 2482 464 2530 virum
509 2480 666 2531 decet.
778 2481 1082 2532 Praecordiis
1122 2497 1286 2547 aeger,
1333 2479 1531 2548 patebat

300 2573 576 2611 neruorum
599 2555 998 2612 distentionibus:
1044 2560 1178 2626 Qas
1202 2574 1318 2609 cum
1337 2555 1529 2626 sangui-

1394 2674 1397 2678 .
1453 2649 1528 2686 nis
