1701 2990
300 257 377 305 Ῑσ
513 261 998 306 MISCELLANEA
1035 263 1288 304 MEDICA
1392 251 1419 279 θ

294 381 432 447 potiti,
477 377 612 426 eieRa
639 396 796 439 regum
824 381 1158 426 Homeritarum
1188 379 1396 445 prosapia,
1426 382 1521 444 reli·

294 474 429 520 quam
451 473 627 520 quoque
649 454 846 515 subigere
867 471 1076 502 tentantes
1101 457 1320 512 Arabiam,
1343 472 1383 503 et
1396 458 1521 504 Chri-

295 532 475 579 stianam
494 530 639 586 fidem,
681 548 815 594 quam
835 530 921 596 ripfi
951 529 1280 596 profitebantur,
1317 535 1446 579 etiam
1475 535 1522 579 in

293 600 513 668 fiagschaz
541 606 738 663 stabilire,
771 606 1021 655 inuaserunt
1040 612 1251 667 Maccam,
1283 625 1334 654 ea
1361 625 1521 666 mente,

293 700 340 730 vt
361 684 537 740 Cabam,
577 701 790 745 magnum
811 684 918 731 illud
949 686 1166 749 templum
1189 685 1422 749 sedemque
1447 702 1523 749 pa-

292 760 473 822 ganismi
497 760 666 816 arabici,
682 776 946 807 euerterent:
960 759 1031 807 sed
1048 779 1072 806 a
1092 762 1249 808 diuinis
1272 762 1354 807 illis
1374 761 1520 826 prodi-

294 837 418 898 giofis
443 838 609 892 auibus,
623 838 675 884 de
698 837 855 902 quibus
872 837 955 884 vid.
970 835 1158 885 KOR’A
1169 842 1230 884 N.
1252 834 1360 885 Sur.
1376 841 1463 884 CV.
1477 853 1519 885 et

291 913 355 960 ibi
367 914 949 968 commentatores,debenati
961 930 1002 960 ct
1013 913 1257 975 grauissime
1269 912 1415 961 affliffl
1425 911 1520 960 fue-

291 1006 407 1037 runt.
464 994 505 1036 Is
517 991 634 1037 idem
647 1008 787 1035 annus
799 989 1041 1036 nascentem
1054 991 1159 1037 vidit
1178 986 1520 1037 MOHHAM-

292 1065 560 1114 MADEM.
630 1070 692 1113 Ex
707 1083 793 1131 quo
811 1063 1005 1121 efficitur,
1020 1084 1123 1113 eum
1135 1084 1298 1112 annum
1315 1064 1437 1112 fuiffc
1449 1084 1522 1112 an-

293 1161 402 1190 num
422 1142 517 1208 post
538 1144 619 1190 Ch.
639 1147 701 1190 N.
723 1158 812 1198 572.
889 1143 1034 1190 Verba
1059 1142 1215 1190 isthaec
1245 1161 1383 1208 pauca
1408 1142 1519 1200 sunt,

290 1219 364 1267 sed
385 1237 536 1267 notatu
558 1220 698 1280 digna.
773 1217 1061 1266 Posteriorem
1084 1237 1238 1266 corum
1259 1236 1428 1284 partem
1451 1238 1518 1267 ex-

291 1297 485 1362 pendant
506 1298 711 1343 Botanici.
797 1296 917 1355 Quid
938 1295 1016 1342 fint
1034 1283 1235 1368 μγ-ίίἷλᾳὶκῖἷ
1255 1309 1316 1342 an
1339 1293 1521 1342 IVawa-

276 1368 357 1439 fil
368 1408 383 1433 ‚
421 1390 510 1419 non
550 1374 731 1419 inuenio
775 1388 974 1418 notatum
1013 1376 1058 1418 in
1099 1375 1254 1419 Lexico
1298 1375 1340 1420 G
1354 1375 1392 1418 O
1407 1376 1520 1420 LII.

292 1450 376 1496 Sed
397 1467 447 1496 ex
471 1452 514 1495 vi
531 1448 654 1496 verbi
677 1439 859 1511 Nafilla
878 1448 1103 1504 concludo,
1140 1443 1522 1496 exanthematum

291 1543 430 1588 genus
453 1523 545 1581 effe,
587 1522 702 1572 forte
724 1516 942 1592 aphthas,
982 1522 1096 1572 forte
1125 1528 1265 1581 etiam,
1305 1540 1346 1572 et
1372 1525 1416 1571 id
1442 1543 1521 1591 po-

291 1605 391 1659 tius,
418 1594 614 1664 febrem
628 1594 949 1664 scarlatinam
973 1611 1234 1670 purpuram
1265 1618 1338 1648 aut
1357 1593 1522 1648 rubeo-

291 1672 379 1727 Ias.
459 1677 705 1741 (Germani
736 1671 916 1742 Fricsel
943 1678 1206 1743 appellant.)
1283 1669 1428 1726 Calah
1459 1676 1520 1726 est

290 1747 452 1806 rabies
482 1754 668 1813 canina,
708 1772 797 1801 non
820 1756 893 1801 illa
913 1754 1055 1801 nostra
1075 1759 1315 1820 Europaea‚
1351 1754 1423 1801 sed
1443 1755 1518 1802 ista

293 1833 490 1889 Arabica,
526 1850 612 1897 qua
633 1834 677 1878 in
699 1849 822 1878 canes
844 1848 1085 1889 vertuntur,
1115 1835 1190 1896 qui
1213 1832 1265 1878 fic
1291 1831 1518 1888 insaniunt,

292 1908 398 1957 stato
429 1910 621 1974 quodam
651 1925 798 1955 annuo
832 1925 1042 1974 tempore,
1081 1909 1245 1954 vlulant
1276 1909 1519 1973 latrantque

292 2000 458 2035 canum
483 1986 623 2041 instar,
658 1985 814 2032 deinde
835 1984 907 2031 sua
928 1985 1077 2050 sponte
1097 1986 1149 2032 ad
1171 1985 1211 2031 se
1234 1986 1439 2043 redeunt3
1463 1986 1517 2032 de

293 2081 384 2129 quo
399 2064 554 2110 morbo
577 2064 702 2109 latius
724 2062 955 2126 aliquando
976 2079 1102 2123 agam
1122 2066 1166 2108 in
1188 2062 1344 2120 libcsso,
1368 2060 1397 2108 fi
1420 2061 1518 2109 ede-

292 2158 340 2187 re
365 2142 499 2196 liceat,
521 2141 574 2186 de
592 2132 803 2186 Arabum
823 2131 1066 2186 medicina.
1145 2139 1292 2186 Simile
1313 2138 1420 2203 quid
1441 2156 1518 2185 no-

293 2216 368 2264 stri
389 2235 565 2282 quoque
587 2215 812 2281 scriptores
844 2218 1003 2263 Graeci
1046 2232 1173 2280 atquc
1206 2218 1346 2262 Latini
1373 2216 1518 2280 perhi-

291 2294 397 2341 bcnt
418 2297 463 2340 in
486 2294 793 2358 lycanthropis.
883 2291 1140 2358 Specificum
1161 2292 1424 2338 variolarum
1445 2309 1519 2338 an·

292 2371 481 2418 tidotum
501 2369 709 2417 hastenus
742 2387 830 2416 non
852 2372 994 2434 reperi
1014 2369 1130 2434 apud
1152 2369 1340 2415 medicos
1364 2368 1518 2416 Arabi·

294 2465 380 2503 cos,
405 2464 449 2494 vt
471 2465 579 2512 quos
603 2464 690 2492 non
713 2448 810 2507 legi,
846 2447 1044 2493 blandior
1068 2462 1211 2492 tamen
1236 2446 1344 2491 mihi
1367 2444 1439 2510 spe
1468 2445 1517 2492 il-

292 2526 345 2580 la,
365 2522 473 2580 fore,
503 2541 547 2571 vt
575 2523 675 2570 inde
695 2524 927 2588 aliquando
948 2538 1020 2570 aut
1045 2521 1131 2588 ipsc
1154 2540 1236 2584 ego
1253 2540 1416 2578 cruam,
1443 2537 1517 2567 aut

292 2603 398 2650 alius
429 2603 594 2668 aliquis.
677 2600 809 2651 Liber
839 2616 998 2658 autem,
1036 2600 1156 2666 vnde
1178 2601 1288 2648 hanc
1322 2596 1514 2721 descr}pfi

1379 2675 1434 2724 ob
1455 2692 1520 2722 er-
