1701 2990
291 194 400 252 106
495 212 573 255 DE
603 211 856 254 MANNA
894 212 1324 257 BBRAEORvm.

284 322 402 373 mini
428 319 693 400 aliquande,
736 332 887 394 inquit,
930 341 1032 376 curn
1060 323 1232 391 aestate
1244 325 1395 398 fitper
1420 344 1503 378 αν-

282 395 444 450 borum
496 418 550 452 ac
580 402 826 467 fruticum
874 397 1214 478 herbarumque
1241 399 1375 467 folia
1414 400 1507 455 mel

284 489 426 547 quant
443 471 693 545 plurimum
699 475 874 544 fitiffet
894 492 1146 550 repertum,
1172 475 1406 546 agricolas
1423 496 1504 529 ve-

283 551 360 601 lut
381 545 587 602 ludentes
608 553 829 620 cecintffe‚
855 554 1035 626 Iupiter
1054 553 1181 606 melle
1190 551 1333 628 pluit.
1367 549 1507 624 Apud

282 641 364 676 nos
383 643 492 678 vero
511 644 623 679 raro
654 624 706 679 id
732 631 972 703 contingit,
1005 632 1054 681 in
1082 645 1229 682 monte
1252 644 1407 682 autem
1428 628 1504 682 Li-

281 697 399 753 bano
426 706 677 778 quotannis
705 705 933 779 petsaepe.
1012 708 1182 782 Itaque
1209 708 1337 759 coria
1350 705 1502 779 fitper

280 790 464 831 terrum
483 777 777 833 extendentes
801 796 848 832 et
859 778 1047 834 arbores
1069 785 1371 846 excutientes,
1383 778 1507 856 quod

281 849 342 905 ab
374 858 442 908 eis
478 853 667 920 defluit,
706 860 967 929 excipiunt,
1005 873 1051 909 et
1101 858 1216 911 ollas
1249 877 1304 910 ac
1320 856 1503 924 fic‘filia

279 929 409 983 melle
442 931 654 1005 implent,
699 948 952 1010 vocantque
994 931 1046 986 id
1082 933 1174 986 mel
1199 932 1420 1003 roscidum
1453 949 1502 986 et

279 1009 479 1062 aerium.
501 1013 539 1075 e)
616 1017 738 1073 Quae
772 1018 846 1079 qui
877 1015 929 1061 ad
950 1033 1095 1063 rorem
1118 1018 1325 1063 melleum
1347 1014 1501 1063 referri

279 1104 445 1153 putant,
471 1092 520 1136 iis
543 1107 663 1146 vero,
702 1108 790 1157 quo
819 1096 962 1137 minus
994 1092 1196 1148 assentiar,
1235 1094 1417 1157 impedit
1437 1090 1498 1140 fa-

278 1162 338 1211 &i
357 1170 504 1212 raritas
527 1182 568 1213 et
587 1169 807 1231 temporis,
846 1170 969 1213 vuius
1001 1170 1133 1214 modo
1167 1170 1248 1214 diei
1282 1170 1413 1233 spatio
1435 1172 1498 1215 in-

279 1240 394 1296 clusi,
438 1240 639 1302 angustia.
714 1247 813 1289 Nec
847 1261 1060 1307 repugnat
1114 1247 1231 1290 cuod
1253 1262 1341 1291 non
1361 1244 1500 1306 fingu-

1062 1281 1070 1300 ²
1127 1281 1141 1308 1

273 1313 416 1364 'larem
448 1319 684 1384 quamdam
715 1320 929 1378 arborem,
970 1317 1175 1367 fruticem
1208 1337 1280 1367 aut
1314 1321 1500 1370 herbam

279 1397 476 1442 nominat
509 1398 862 1442 GALENVS.
962 1399 1070 1455 Quis
1113 1400 1230 1443 enim
1267 1398 1368 1443 inde
1404 1400 1499 1445 iure

278 1471 462 1532 colligat,
503 1470 630 1536 super
670 1489 821 1519 omnes
861 1475 1041 1520 omnino
1078 1477 1182 1530 eius,
1223 1491 1355 1538 quem
1388 1473 1499 1532 dicit,

277 1547 363 1594 loci
390 1549 554 1613 plantas
587 1549 674 1595 mel
702 1564 926 1614 repertum
955 1547 1090 1597 fuisse.
1199 1555 1241 1597 V
1244 1548 1498 1597 erofimilius

277 1623 350 1679 est,
383 1624 645 1689 quibusdam
670 1625 907 1682 arboribus,
945 1644 1231 1692 quaeeunque
1255 1626 1429 1672 tandem
1449 1626 1498 1672 il-

277 1701 345 1747 lae
374 1699 560 1756 fuerint,
613 1719 788 1748 enatum
824 1704 866 1748 'm
900 1703 997 1748 alias
1030 1706 1261 1750 vicinasct
1290 1701 1497 1750 subieffms

278 1777 434 1825 herbas
463 1793 536 1823 aut
565 1773 740 1825 frutices
773 1777 1007 1825 defluxiffe:
1046 1780 1164 1844 quod
1193 1797 1344 1826 omnes
1376 1779 1497 1843 plan-

275 1869 338 1901 tas
362 1854 594 1919 aequaliter
616 1852 934 1901 madefacientis
963 1873 1009 1901 ac
1030 1856 1158 1902 melle
1179 1857 1379 1917 tingentis
1401 1856 1495 1921 plu-

277 1932 371 1977 viae
401 1929 585 1995 speciem
612 1931 853 1995 praeberet.
944 1933 1039 1979 Mel
1069 1949 1214 1979 autem
1245 1934 1405 1981 montis
1427 1935 1498 1979 Li-

276 2007 378 2054 bani
401 2025 488 2054 non
509 2007 626 2053 aliud
646 2006 736 2064 effe,
777 2007 850 2054 nifi
874 2009 994 2074 quod
1014 2010 1129 2057 cedri
1149 2010 1351 2074 eliquent,
1381 2006 1496 2057 infra

278 2084 452 2133 vberius
475 2084 660 2132 docendi
680 2087 802 2151 copia
824 2087 913 2132 erit.
1351 2097 1354 2101 ’

820 2221 828 2230 .
870 2187 984 2231 XIII.

493 2180 896 2331 Mannaege136ra
923 2252 1070 2308 adhuc
1090 2256 1285 2308 incerta.

425 2342 599 2384 Sextum
629 2338 774 2385 locum
815 2340 1122 2385 DIODORI
1158 2353 1200 2384 et
1241 2339 1494 2384 CVRTII

274 2429 442 2464 manna
465 2418 509 2461 in
538 2417 657 2479 pagis
682 2412 911 2462 fortunatis
928 2416 1174 2479 Hyrcaniae
1194 2411 1399 2478 frequens
1419 2413 1494 2460 fibi

274 2494 470 2550 vindicat,
506 2494 627 2538 cuius
657 2509 830 2549 nomen,
865 2492 984 2558 quod
1004 2505 1194 2556 vterque,
1227 2508 1336 2555 quae
1359 2492 1494 2537 Grae-

1340 2583 1492 2614 corum

330 2641 367 2693 e)
396 2643 589 2693 Δροσομελι
617 2656 677 2692 uoq
705 2639 879 2693 αἰρομελι.
