1701 2990
330 273 416 315 Ex
454 272 739 316 ARABVM
775 271 1236 314 MONIMENTIS.
1324 258 1398 330 63

181 409 230 439 ex
250 390 323 438 vsu
346 394 481 438 nimio
502 389 667 437 ficuum
686 390 799 437 male
818 390 949 446 olere,
992 405 1033 436 et
1054 389 1264 460 φθριςιοξν,
1300 407 1401 442 con-

181 485 245 516 tra
265 470 484 514 ariduram
504 483 545 513 et
567 466 884 514 contragturam
915 465 1079 513 ficuum
1100 466 1401 516 abstinentiam

181 545 414 592 insecutam
435 541 524 590 csse.
583 541 709 590 Conf.
739 546 932 590 RIVINI
952 541 1120 591 Differt.
1142 545 1196 590 de
1223 547 1400 609 pruritu

180 622 419 670 exanthem.
441 620 493 665 ab
514 622 646 666 acaris
668 638 708 683 p.
731 627 788 670 18.
833 634 901 665 20.
1076 641 1079 643 ·

329 701 432 761 Cap.
452 699 564 741 XIV·
619 699 686 742 De
707 688 957 742 diarrhoea
977 695 1091 742 letali
1119 713 1168 742 ex
1190 695 1262 743 esu
1278 696 1400 744 laE'tis

177 772 383 822 bubalini.
461 769 521 834 2.)
552 774 620 818 De
651 770 860 835 stupenda
891 770 942 818 vi
962 769 1128 819 mentis
1157 775 1203 818 in
1234 773 1401 820 morbis

180 849 436 912 generandis
459 864 501 894 et
523 849 748 894 excitandis
777 851 840 904 iis,
881 850 959 912 qui
994 847 1136 894 latent.
1239 850 1296 909 3.)
1332 852 1402 897 De

179 927 361 981 medic0‚
395 930 469 989 qui
490 922 637 971 funeri
659 924 816 970 obuius
837 924 1088 979 inclamarit,
1115 941 1218 970 eum
1238 926 1401 983 viuere,

179 1006 257 1067 qui
287 1001 565 1056 efferebatur,
604 1000 925 1064 reddideritque
957 1001 1088 1055 vitae,
1135 1017 1403 1065 rogatusque

178 1077 361 1125 cauffam
398 1074 688 1132 coniecturae,
728 1077 899 1131 dixerit,
940 1075 983 1121 id
1025 1074 1066 1121 se
1100 1075 1308 1137 collegiffe
1351 1092 1402 1125 ex

170 1153 255 1207 ,fitu
274 1156 469 1200 iacentis:
509 1170 597 1199 non
620 1155 737 1199 enim
768 1169 869 1197 eum
901 1149 1089 1198 habuisse
1122 1169 1246 1198 crura
1271 1156 1318 1199 in
1340 1154 1401 1200 di-

177 1229 348 1278 refi‘tum
378 1227 597 1294 porrecta,
635 1228 706 1275 sed
747 1227 925 1274 reduPOE
964 1228 1176 1284 nonnihil,
1220 1244 1267 1276 vt
1296 1248 1399 1278 cum

176 1305 418 1355 femoribus
439 1307 648 1367 angulum
678 1321 855 1352 acutum
884 1302 1087 1352 facerent.
1166 1308 1203 1354 F
1204 1307 1399 1355 riuolum

175 1398 505 1446 argumentum:
546 1382 641 1427 Alia
660 1398 897 1446 praetereo.

324 1459 580 1506 Iudicabunt
608 1476 723 1505 nunc
753 1459 920 1514 eruditi,
964 1475 1176 1523 operaene
1204 1462 1397 1524 pretium

177 1536 237 1592 fit,
280 1539 397 1583 hunc
426 1535 589 1582 librum
621 1535 765 1596 legere
797 1551 838 1582 et
870 1553 924 1581 an
957 1536 1104 1581 vtilem
1125 1538 1170 1581 in
1190 1553 1241 1581 eo
1263 1537 1397 1584 latino

174 1611 374 1661 faciendo
388 1612 580 1658 laborem
592 1611 872 1658 insumserim
894 1615 1036 1657 Prima
1049 1614 1166 1658 enim
1178 1630 1277 1658 mea
1293 1631 1398 1663 cura

175 1688 271 1745 fuit,
285 1707 332 1735 ex
353 1706 441 1752 quo
462 1687 600 1734 solum
615 1687 760 1734 versus
784 1690 973 1751 patrium
986 1688 1395 1753 salutaui,excerpta,

177 1783 288 1832 quae
308 1783 357 1812 ex
378 1769 460 1812 hoc
481 1763 590 1810 libro
614 1766 724 1810 mihi
742 1762 944 1820 feceram,
966 1766 1095 1811 latina
1117 1768 1285 1811 ciuitate
1320 1766 1395 1814 do-

176 1860 291 1899 nare,
310 1859 351 1889 et
386 1840 651 1907 impreffioni
673 1858 935 1906 comparare,
957 1860 1089 1906 quam
1110 1840 1360 1907 exspeRant.

497 1966 907 2001 OBSERVATIO
946 1953 1084 2001 XVII.

176 1987 287 2078 Sed
341 2034 560 2077 mittamus
621 2030 739 2075 hunc
797 2046 838 2077 et
892 2029 1086 2076 codicem
1147 2028 1392 2085 lustremus,

174 2104 369 2156 MStum
390 2099 660 2164 Arabicum,
700 2125 831 2171 quem
851 2106 945 2172 post
966 2108 1122 2153 editam
1144 2125 1289 2154 meam
1310 2107 1391 2153 dis-

174 2183 447 2231 sertationem
466 2182 628 2230 ⁴nacstus
660 2182 768 2239 sum,
808 2199 856 2230 ex
885 2185 1116 2230 donatione
1149 2186 1276 2229 amici
1303 2187 1394 2230 mei

173 2259 497 2316 honoratiffimi,
538 2276 578 2306 et
612 2262 658 2305 in
695 2260 855 2317 litteris,
889 2260 1138 2326 praesertim
1179 2261 1394 2306 orientali-

176 2336 257 2383 bus
273 2374 284 2393 ‚
344 2336 624 2393 versatiffimi,
702 2338 1019 2385 GERARDI
1081 2340 1393 2384 IOANNIS

175 2416 441 2472 LETTE,
482 2407 834 2475 Haerlemenfis‚
877 2418 924 2460 T
926 2415 1151 2477 heologiae
1182 2413 1392 2460 Candida-

175 2494 220 2537 ti.
295 2494 336 2536 Is
368 2507 600 2552 magnum,
637 2487 812 2537 fauente
842 2488 1040 2548 fortuna,
1088 2489 1237 2538 naffcus
1264 2507 1394 2554 appa-

175 2582 322 2613 ratum
341 2568 552 2613 Codicum
573 2569 803 2613 MStorum
830 2570 1130 2624 Orientalium,
1165 2567 1270 2612 olim
1301 2564 1393 2613 GO-

173 2635 421 2705 limorum,
457 2661 567 2708 quos
588 2647 631 2690 in
653 2660 705 2692 eo
726 2644 916 2692 medicos
936 2645 1120 2696 habebat
1142 2643 1273 2691 libros
1295 2658 1393 2698 tres,

1311 2736 1394 2784 pro
