1701 2990
356 247 432 286 DE
476 246 724 286 MANNA
778 245 1207 285 EBRAEORVNL
1324 239 1389 299 85

167 362 370 409 accedere
415 363 522 408 licet.
615 365 763 426 Itaque
800 363 844 407 in
886 361 990 407 duas
1030 362 1214 408 maxime
1253 349 1394 425 partes

168 442 312 484 omnis
340 440 392 484 de
421 456 579 484 manna
600 438 870 484 Ebracorum
896 436 1086 501 quaestio
1116 436 1395 484 distribuitur.

167 518 365 561 Primum
398 515 653 560 declaranda
682 513 739 560 est
770 513 965 561 vniuersa
1005 532 1189 560 mannae
1216 516 1324 560 ratio
1353 529 1395 560 et

168 589 315 637 forma
334 591 558 654 multiplex
578 609 624 636 ac
648 590 835 642 diuersa:
875 608 959 655 qua
980 593 1173 651 ignorata
1192 606 1265 636 aut
1288 607 1395 652 neg·
1446 604 1448 606 ·

163 669 369 728 ligentius
394 667 612 731 descripta,
644 684 834 730 quorum
860 684 993 732 opera
1013 666 1071 712 est
1092 671 1135 711 in
1158 670 1241 712 hoc
1262 684 1393 727 gene·

167 761 215 790 rc
245 742 420 798 versata,
462 742 601 789 studio
625 758 835 789 euentum
858 740 1047 798 defuisse,
1090 743 1207 788 haud
1228 745 1391 789 mirum

166 817 246 865 est:
287 820 441 866 deinde
467 837 577 883 quae
602 818 766 865 fuerint
796 822 887 866 eius
912 821 1024 864 inter
1043 819 1232 865 Ebraeos
1257 836 1391 879 gene-

169 913 216 941 ra
239 895 464 951 nobiliora,
512 900 587 960 qui
609 898 771 942 horum
792 895 900 954 vsus,
942 913 1051 959 quae
1076 897 1265 959 denique
1287 912 1390 959 qua0

163 970 202 1017 fi.
221 970 321 1028 fata,
365 971 703 1037 disquirendum.

696 1052 731 1118 ζ).
796 1059 848 1102 Π.

563 1127 772 1178 Mamme
815 1143 984 1177 nomen.

306 1207 451 1273 Ipsum
502 1220 697 1254 mannae
736 1224 898 1253 nomen
948 1206 1061 1254 vnde
1109 1205 1290 1270 duftum
1326 1205 1386 1262 fit,

160 1302 381 1350 quamque
440 1283 511 1331 fibi
555 1283 790 1331 subiefftam
836 1284 991 1330 habeat
1042 1286 1131 1329 vim
1175 1302 1221 1330 ac
1268 1300 1389 1348 pote-

160 1360 322 1419 statem,
359 1360 429 1407 etfi
461 1362 514 1406 ad
536 1360 662 1425 ipsius
686 1363 750 1407 rei
771 1363 1063 1421 cognitionem
1080 1378 1238 1425 parum
1258 1362 1388 1406 inter-

160 1436 219 1484 est
250 1438 352 1484 scire
366 1457 376 1494 3
433 1453 578 1484 tamen
620 1440 826 1501 quoniam
870 1441 981 1483 inter
1029 1437 1219 1483 eruditos
1257 1435 1386 1483 disce-

156 1518 269 1578 ptari
312 1514 460 1569 video,
527 1531 616 1559 non
657 1512 716 1560 est
767 1517 949 1559 omnino
1000 1512 1381 1578 praetereundum.

157 1592 360 1637 Plurimis
389 1591 508 1636 idem
539 1590 692 1647 valere,
733 1591 852 1654 quod
872 1590 1026 1635 dixeris
1058 1590 1200 1645 latine,
1234 1579 1386 1658 quid?

158 1667 307 1730 placet.
393 1670 569 1712 Etenim
598 1665 788 1711 Ebraeos
809 1668 1132 1730 Aegyptiorum
1161 1664 1382 1729 tyrannidi

157 1760 203 1788 ac
233 1742 400 1789 libidini
431 1740 663 1788 subdffios
695 1758 737 1787 et
768 1743 944 1787 horrida
976 1756 1254 1806 peragrantes
1277 1745 1384 1786 Ara-

155 1819 250 1865 biae
273 1818 446 1874 desema,
467 1835 607 1882 quum
625 1835 713 1864 non
734 1833 822 1864 tam
844 1815 961 1863 fame
986 1815 1220 1872 confeffios‚
1244 1834 1379 1881 quam

157 1896 261 1941 lauti
291 1894 440 1951 vibius,
495 1912 627 1958 quem
658 1894 755 1940 Nili
785 1891 1056 1940 foecundum
1087 1892 1227 1940 solum
1257 1911 1381 1958 prae-

155 1971 318 2029 buerat,
366 1971 571 2018 desiderio
600 1974 784 2034 percitos
814 1987 941 2035 atque
972 1972 1245 2034 impatientes
1272 1973 1379 2035 opti-

156 2065 254 2094 mus
292 2050 411 2094 Deus
458 2047 623 2093 liberali
653 2059 847 2093 manime
883 2048 1034 2111 pluuia
1076 2043 1290 2103 excitasset,
1326 2046 1380 2092 ad

154 2126 286 2170 huius
320 2122 610 2187 conspectum,
651 2112 836 2194 quidfit
860 2121 951 2182 (ita
981 2122 1160 2168 Ebraica
1190 2135 1295 2167 mem
1315 2115 1378 2168 hu

156 2202 282 2246 latine
313 2198 535 2260 reddunt)
586 2197 825 2245 exclamasse
857 2202 987 2245 aiunt.
1063 2201 1186 2257 Quae
1213 2197 1378 2245 senten-

154 2278 211 2322 tia
245 2278 346 2322 huic
378 2278 502 2322 aetati
535 2276 772 2323 admodum
812 2276 992 2339 probata
1023 2290 1063 2320 et
1108 2276 1374 2338 peruulgata‚

154 2351 213 2400 est
234 2353 412 2417 quidem
446 2353 575 2412 longe
610 2350 892 2412 vetustiffima‚
917 2350 953 2414 Ε>
985 2366 1180 2397 veterum
1211 2354 1374 2415 quippe

730 2432 765 2473 F
800 2443 822 2480 3
1244 2429 1374 2472 inter-

208 2500 244 2547 e)
274 2495 337 2536 Ita
373 2495 480 2535 enim
513 2496 640 2536 Exod.
664 2495 778 2537 XVI.
818 2510 876 2545 15.
928 2495 1206 2545 Alexandrinus,
1244 2497 1369 2543 Syrus,

280 2554 440 2591 Latinus.
518 2550 728 2604 copiosius
772 2562 1040 2592 IOSEPHVS
1091 2554 1241 2603 Antiqu.
1289 2552 1370 2589 [ml.

280 2607 352 2651 Hl-
374 2614 441 2649 Ἰο.
473 2614 601 2647 καλὸσι
623 2605 655 2647 δε
676 2610 828 2661 Ἑβραιοι
855 2625 894 2647 το
909 2612 1037 2660 βρωμα
1062 2623 1143 2654 rego
1162 2610 1304 2645 Mame-
1333 2624 1372 2644 το

1306 2679 1373 2714 W?
