1701 2990
344 241 408 296 32
562 240 1038 283 MISCELLANEA
1067 243 1330 287 MEDICA

338 347 464 402 lebat
482 347 605 415 istud
621 350 925 427 tuguriolum,
964 368 1009 408 et
1034 355 1084 406 in
1109 373 1157 409 eo
1176 373 1320 430 vsque
1342 352 1409 409 ad
1422 364 1559 412 meri-

337 425 459 479 diem
485 424 764 499 perdurare,
804 447 859 482 ne
890 428 1129 483 verbulum
1157 430 1342 508 quidem
1372 431 1562 501 hiscens,

340 505 585 574 accipitris
605 508 656 556 in
677 502 847 557 olidum
867 505 983 562 affui
1005 504 1208 560 cadauer
1239 507 1451 581 illapsuri
1481 530 1562 563 ex-

331 575 628 647 speclatione.
739 584 974 650 Qamuis
1005 598 1160 636 autem
1178 601 1385 658 grauem
1412 585 1564 641 nobis-

339 673 442 708 cum
470 653 698 708 toleraret
728 654 977 728 mephitin:
1014 673 1179 733 capere
1224 675 1378 714 tamen
1423 659 1563 737 quid·

339 749 483 808 quam
505 729 706 808 negabat
723 732 995 808 ipfifatum.
1057 732 1198 802 Qod
1213 755 1292 789 nos
1313 741 1486 790 HAM
1497 743 1564 791 A·

341 812 393 860 T
405 808 455 860 A
469 812 526 860 Μ
568 805 757 884 cogebat
792 825 1021 883 repetere,
1059 808 1139 863 vbi
1169 809 1353 866 morbus
1367 813 1428 881 se
1457 828 1564 885 pro-

340 881 478 939 debat
504 887 554 937 in
583 882 725 940 nobis.
801 888 868 938 Et
887 904 968 962 ego
985 884 1187 963 quidem,
1204 893 1448 960 proximus
1467 894 1566 942 orci

337 964 505 1036 portis,
525 964 611 1014 vix
630 960 898 1026 euadebam,
934 977 982 1015 et
1003 960 1337 1017 decumbentem
1367 984 1438 1018 me
1458 966 1566 1033 vifi-

340 1034 478 1091 tabat
512 1039 900 1093 MALECH
952 1040 1481 1109 MOTAFFER,
1518 1058 1567 1096 et

339 1117 442 1245 ipgscz
473 1133 559 1167 non
595 1119 794 1192 integer.
904 1111 1086 1170 Diebus
1126 1114 1233 1171 inde
1273 1117 1379 1194 plus
1417 1116 1568 1173 decem

340 1210 365 1244 0
396 1210 411 1243 1
444 1205 513 1245 at.

671 1320 1075 1358 OBSERVATm
1112 1307 1242 1360 XIV.

341 1376 644 1485 Exemplum
674 1417 979 1466 excrescentiae
1015 1419 1214 1468 carnosae
1250 1420 1301 1468 ab
1332 1420 1421 1470 istu
1452 1423 1567 1471 illato

344 1497 516 1546 exhibet
554 1490 898 1546 MAIDAN.
934 1514 976 1562 p.
999 1504 1086 1552 3837.

689 1651 1089 1690 OBSERVATIO
1134 1638 1233 1688 XV.

346 1709 525 1800 Venio
549 1770 664 1799 nunc
695 1752 748 1798 ad
775 1750 1102 1799 describendum
1131 1752 1323 1798 codicem
1341 1751 1568 1799 bibliothe-

347 1848 421 1878 cae
452 1828 668 1877 Leidensis
689 1836 798 1879 1108,
837 1831 914 1892 qui
943 1827 995 1873 fic
1028 1827 1271 1889 designatur
1293 1831 1336 1873 in
1360 1830 1568 1891 Catalogo

348 1926 390 1975 p.
419 1920 512 1963 442.
550 1924 591 1952 n.
623 1919 714 1964 792.
776 1903 849 1950 W
861 1900 1152 1951 ARNERI
1199 1903 1570 1952 Commentarius

347 1975 412 2032 ad
431 1976 603 2031 librum
635 1974 689 2029 a'e
712 1971 851 2028 rebus
880 1972 1082 2038 medicis,
1114 1976 1393 2050 praestrtim
1425 1994 1571 2052 quae-

348 2053 454 2108 dam
488 2073 546 2106 ex
576 2057 809 2106 Kor'aano
854 2066 900 2104 et
941 2048 1275 2104 traditionibus
1321 2051 1568 2106 Mohbam-

349 2130 519 2185 meldis.
638 2140 747 2182 Non
790 2133 849 2181 est
888 2136 1248 2190 commentarius,
1289 2135 1399 2180 nihil
1439 2137 1568 2201 etiam

349 2215 409 2261 ibi
439 2232 485 2260 ex
522 2214 742 2259 Kor’aano.
815 2211 897 2258 Sed
931 2209 983 2257 fic
1013 2211 1154 2258 habet.
1242 2209 1569 2258 LEV1NVS

348 2287 814 2346 WARNERVS‚
863 2290 982 2334 cuius
1027 2289 1070 2332 in
1120 2288 1250 2333 literis
1291 2286 1568 2335 orientalibus

347 2369 547 2434 peritiam
578 2367 782 2421 admiror,
821 2364 1016 2411 laborem
1047 2380 1087 2410 et
1110 2364 1374 2424 diligentiam
1394 2362 1568 2429 stupeo;

348 2461 412 2491 tot
441 2446 558 2490 enim
589 2444 658 2489 ille
688 2442 820 2488 libros
853 2441 1071 2496 Arabicos,
1108 2438 1304 2495 Perficos,
1341 2444 1567 2496 Turcicos,

347 2521 553 2587 perlegit,
604 2517 835 2583 descripfit,
883 2516 1103 2582 excerpsit,
1145 2519 1447 2581 interpretatus
1496 2515 1567 2572 est,

348 2614 455 2662 quot
481 2597 753 2663 perlegendis
784 2596 889 2642 alius
922 2597 1152 2660 quisquam
1190 2596 1254 2640 vix
1284 2591 1481 2646 sufficiam
1513 2608 1567 2648 ct,

1538 2667 1570 2717 {i
