1701 2990
300 196 409 238 100
493 195 571 236 DE
613 196 864 237 MANNA
903 197 1342 238 EB'RAEORVM.

375 309 616 380 Operatur
638 310 781 359 etiam
803 304 1033 359 aeriuada
1056 321 1101 359 et
1122 305 1344 376 laboriosa
1365 314 1466 381 apis

374 388 475 437 Aut
491 397 657 456 petrae
684 401 829 436 cauae
847 386 897 436 in
902 384 1064 455 specu,
1092 399 1177 435 aut
1203 389 1253 437 in
1279 385 1520 439 arundini-

993 457 1094 523 bus,
1115 465 1153 526 5)

376 539 480 588 Aut
500 551 701 610 quercus
722 537 950 612 antiquae
969 539 1018 588 in
1039 541 1262 602 multane,
1295 539 1426 589 intra
1454 533 1526 588 al·

995 631 1161 665 vem-m

377 681 629 740 struendis
650 685 772 742 cellis
796 685 1042 754 exflorum
1066 689 1526 755 millenis,foramini-

995 763 1078 817 lnts
1099 785 1251 820 ceram
1271 782 1441 839 petens.

305 869 409 926 Quo
429 870 584 913 certius
607 866 694 912 huc
720 864 964 914 referantur
994 869 1065 913 illa
1101 872 1220 915 VIR
1232 870 1274 916 G
1287 872 1305 915 Ι
1319 872 1381 914 LI
1392 873 1432 915 1:

380 960 446 1012 Et
467 955 616 1011 durae
635 958 835 1033 'quercus
845 957 1089 1028 fitdabunt
1110 958 1286 1030 rofiida
1306 959 1455 1013 mella.

457 1120 559 1175 Quo
593 1120 636 1163 in
668 1118 763 1164 loco
797 1116 998 1164 historiae
1031 1119 1234 1165 naturalis
1269 1121 1395 1184 periti
1438 1135 1526 1164 non

308 1196 480 1248 minus,
521 1211 654 1257 quam
683 1197 951 1255 grammatici
981 1192 1272 1241 offenderunt.
1355 1196 1529 1240 Etenim

307 1272 454 1334 primo
490 1269 753 1325 videndum,
807 1287 862 1316 ne
900 1288 1046 1316 veram
1092 1288 1275 1316 mannae
1313 1273 1529 1331 originem

308 1349 647 1393 VIRGILIO
695 1343 816 1392 fuisse
857 1348 949 1395 ianx
985 1346 1252 1411 perspeciam
1285 1347 1385 1393 inde
1413 1347 1528 1392 colli·

310 1441 406 1484 gas:
449 1425 494 1468 in
515 1440 602 1487 quo
628 1425 822 1487 peccauit
861 1426 1293 1479 CORNELIVS,
1331 1421 1368 1485 ²)
1428 1441 1530 1483 gen·

310 1516 352 1546 te
398 1499 553 1554 Italus,
606 1502 649 1545 in
689 1500 837 1545 litteris
881 1499 932 1545 ad
988 1503 1125 1546 RAY
1138 1504 1264 1556 VM,
1322 1500 1529 1560 Anglum.

309 1580 473 1641 Neque
509 1578 627 1622 enim
664 1577 1031 1622 VIRGILIVS
1079 1575 1155 1623 suo
1195 1579 1282 1623 iam
1319 1593 1530 1641 tempore,

308 1656 377 1709 ait,
422 1669 606 1716 quercus
640 1653 768 1697 mella
792 1650 968 1702 sudare;
1003 1651 1073 1698 sed
1108 1653 1152 1699 id
1182 1653 1426 1718 aliquando,
1457 1670 1529 1698 au·

308 1747 382 1775 rea
402 1728 611 1775 redeunte
634 1745 781 1783 aetate,
803 1725 1003 1774 futurum
1029 1731 1289 1775 vaticinatur.
1347 1729 1531 1784 Deinde,

309 1806 363 1851 ad
394 1805 638 1851 vberiorem
669 1802 899 1850 sentcntiae
927 1805 1040 1850 illius
1081 1805 1437 1870 perspicientiam,
1471 1822 1532 1861 ea,

308 1899 420 1946 quae
451 1896 546 1926 tuin
578 1882 630 1927 de
663 1897 840 1944 quercu,
883 1898 1016 1944 apum
1048 1881 1390 1928 mellificantium
1421 1880 1529 1940 sede,

308 1973 404 2003 turn
438 1958 490 2003 dc
521 1959 686 2018 origine
718 1957 855 2002 mellis
887 1974 908 2002 c
930 1975 1041 2016 rore,
1075 1974 1271 2004 veterum
1295 1977 1343 2004 ex
1368 1958 1531 2005 senten-

311 2036 380 2089 tia,
418 2033 545 2098 supra
576 2033 760 2098 exposui,
790 2031 887 2078 sunt
917 2035 961 2078 in
987 2038 1243 2080 memoriam
1267 2035 1531 2081 reuocanda:

307 2112 463 2175 hisque
484 2111 756 2172 iungendum
779 2109 917 2155 mellis
949 2108 1114 2166 roscidi,
1145 2128 1349 2176 tanquam
1381 2113 1529 2177 purio-

1474 2204 1531 2233 ris

360 2281 399 2331 s)
428 2279 592 2321 Scilicet
614 2279 877 2332 fizcchmq'fiwis.
958 2281 1165 2321 Sacchmvnn
1198 2284 1305 2323 enim
1331 2292 1372 2323 et
1406 2282 1530 2334 ipsum

433 2337 567 2376 mellis
595 2337 757 2376 nomine
784 2336 861 2377 fuit
889 2351 910 2377 a
943 2339 1147 2378 veteribus
1179 2339 1525 2392 comprehenstlm.

435 2391 514 2432 Sed
536 2395 584 2432 de
607 2393 683 2433 hoc
705 2392 808 2432 infra
829 2394 985 2433 dicendi
1011 2395 1123 2434 locus
1145 2396 1233 2435 erit.

358 2447 397 2500 t)
426 2447 473 2487 In
494 2449 738 2501 l’hilffffldcal
758 2451 902 2487 Letters
930 2451 1084 2488 haman
1109 2451 1165 2489 the
1187 2453 1257 2489 late
1278 2451 1423 2490 learned
1446 2451 1528 2490 Mt·-

430 2518 545 2545 RAY
574 2507 643 2543 ancl
657 2507 801 2556 fiveral
819 2507 869 2557 (f
886 2505 939 2544 his
962 2510 1141 2560 ingenious
1173 2508 1454 2560 correspondent,-
1478 2527 1526 2538 ..-

420 2560 607 2614 publishcd
632 2560 678 2608 lfy
699 2574 754 2602 w.
776 2575 1031 2613 DERHAM,
1060 2563 1169 2601 Lond.
1207 2571 1300 2613 1718.
1336 2564 1429 2604 coll.
1468 2565 1526 2602 151.

421 2616 615 2670 bliotheque
636 2617 797 2673 Anglotst‘
835 2616 1022 2662 TomIV.
1046 2616 1134 2659 P.I.
1164 2630 1201 2671 p.
1231 2635 1264 2671 5.
