1701 2990
261 230 368 286 ¹40
513 229 594 270 DE
631 229 880 270 MANNA
919 230 1234 272 ARABICA.

253 345 455 393 arborem
483 344 758 410 postremam.
834 350 893 393 At
914 364 1018 393 vero
1038 345 1225 397 acaciae
1246 341 1471 415 lacryma,

252 439 302 470 vt
328 422 416 486 ipse
446 425 581 478 nouit,
624 420 683 468 est
691 421 877 491 gummi
901 415 1172 483 Arabicum,
1215 425 1334 488 quod
1364 444 1474 472 nun-

252 516 388 562 quam
412 510 607 545 mannae
638 501 816 545 nomine
851 503 990 546 venit:
1040 518 1119 546 nec
1159 503 1328 562 gummi
1367 502 1473 549 illud

250 573 402 639 sapore
433 576 556 621 dulce
599 573 658 621 est
698 593 744 621 ac
773 574 924 634 suaue,
966 577 1103 641 qualis
1133 578 1204 623 illa
1232 595 1257 622 a
1284 581 1474 642 peregri-

248 650 472 697 natoribus
503 667 745 698 memorata
765 665 949 700 manna.
1024 656 1109 700 Pro
1129 654 1298 720 plantae
1319 650 1474 703 akulis

248 743 398 773 autem
418 726 542 774 succo
566 727 714 775 haberi
735 731 885 794 nequit
924 728 1215 795 (quamquam
1236 732 1347 778 hanc
1366 748 1473 795 quo-

248 821 337 869 que
366 806 412 850 in
441 822 490 851 ea
520 806 697 866 regione
729 806 850 864 nasci,
883 804 1009 872 supra
1039 806 1245 867 ostendi),
1276 823 1474 873 propter·

247 898 321 936 ea,
385 881 504 945 quod
537 881 589 928 de
620 881 829 929 arborum
866 880 982 929 foliis
1013 882 1313 945 colligebatur,
1359 883 1474 931 vnde

244 955 333 1004 fine
364 956 498 1004 dubio
541 961 586 1004 in
628 958 794 1023 plantas
835 957 1041 1006 subieRas
1074 976 1116 1007 et
1146 961 1306 1025 lapides
1339 958 1474 1007 deflu-

247 1035 316 1081 xit.
379 1035 656 1099 Relinquitur
688 1052 806 1098 ergo,
834 1048 1051 1084 mannam
1071 1034 1194 1084 fuiffe
1216 1032 1475 1101 tarnarfii.

395 1180 520 1235 Quae
552 1193 699 1224 autem
737 1176 835 1224 sunt
870 1173 1062 1250 reliqua
1103 1192 1297 1227 mannae
1323 1178 1476 1228 orien-

246 1245 363 1301 talis
385 1266 585 1323 genera,
625 1255 708 1299 alio
742 1269 940 1320 tempore
960 1254 1002 1318 ⁶)
1038 1255 1284 1322 persequar.
1350 1261 1474 1305 Nam

244 1330 352 1378 haec
381 1347 465 1396 pro
499 1328 694 1378 instituto
725 1328 833 1382 satis,

298 1474 341 1526 b)
367 1473 446 1516 Sed
463 1474 549 1529 spes
571 1474 774 1516 destituit:
803 1472 936 1516 Morte
958 1477 1066 1517 enim
1088 1481 1341 1530 praematura
1360 1476 1473 1518 abre-

383 1538 477 1588 ptus
508 1543 612 1586 opus
639 1530 841 1586 perficere
860 1545 944 1574 non
964 1533 1110 1587 potuit.
1181 1532 1233 1575 G.

1175 2636 1470 2700 INDEX.
