<?xml version="1.0" encoding="UTF-8"?>
<!DOCTYPE html PUBLIC "-//W3C//DTD XHTML 1.0 Transitional//EN"
    "http://www.w3.org/TR/xhtml1/DTD/xhtml1-transitional.dtd">
<html xmlns="http://www.w3.org/1999/xhtml" xml:lang="en" lang="en">
 <head>
  <title>
</title>
<meta http-equiv="Content-Type" content="text/html;charset=utf-8" />
  <meta name='ocr-system' content='tesseract 3.04.00' />
  <meta name='ocr-capabilities' content='ocr_page ocr_carea ocr_par ocr_line ocrx_word'/>
</head>
<body>
  <div class='ocr_page' id='page_1' title='image "./ioannisiacobirei00reisuoft_0169.png"; bbox 0 0 1701 2990; ppageno 0'>
   <div class='ocr_carea' id='block_1_1' title="bbox 415 249 1414 308">
    <p class='ocr_par' dir='ltr' id='par_1_1' title="bbox 415 249 1414 308">
     <span class='ocr_line' id='line_1_1' title="bbox 415 249 1414 308; baseline -0.003 -16"><span class='ocrx_word' id='word_1_1' title='bbox 415 250 497 293; x_wconf 77' lang='lat' dir='ltr'>DE</span> <span class='ocrx_word' id='word_1_2' title='bbox 529 249 793 291; x_wconf 79' lang='lat' dir='ltr'>MANNA</span> <span class='ocrx_word' id='word_1_3' title='bbox 834 250 1161 290; x_wconf 77' lang='lat' dir='ltr'>ARABICA.</span> <span class='ocrx_word' id='word_1_4' title='bbox 1307 250 1414 308; x_wconf 81' lang='lat'>129</span> 
     </span>
    </p>
   </div>
   <div class='ocr_carea' id='block_1_2' title="bbox 157 363 1404 2264">
    <p class='ocr_par' dir='ltr' id='par_1_2' title="bbox 635 363 929 493">
     <span class='ocr_line' id='line_1_2' title="bbox 685 363 877 430; baseline -0.005 -16"><span class='ocrx_word' id='word_1_5' title='bbox 685 363 720 430; x_wconf 62' lang='grc' dir='ltr'>ᾧ.</span> <span class='ocrx_word' id='word_1_6' title='bbox 748 369 877 414; x_wconf 82' lang='lat' dir='ltr'>XX11.</span> 
     </span>
     <span class='ocr_line' id='line_1_3' title="bbox 635 441 929 493; baseline 0 -1"><span class='ocrx_word' id='word_1_7' title='bbox 635 441 929 493; x_wconf 53' lang='lat' dir='ltr'><em>Patria</em></span> 
     </span>
    </p>

    <p class='ocr_par' dir='ltr' id='par_1_3' title="bbox 158 516 1404 1956">
     <span class='ocr_line' id='line_1_4' title="bbox 316 516 1403 584; baseline -0.002 -17"><span class='ocrx_word' id='word_1_8' title='bbox 316 517 519 567; x_wconf 86' lang='lat' dir='ltr'>Nascitur</span> <span class='ocrx_word' id='word_1_9' title='bbox 541 520 647 566; x_wconf 83' lang='lat' dir='ltr'>haec</span> <span class='ocrx_word' id='word_1_10' title='bbox 666 521 812 584; x_wconf 83' lang='lat' dir='ltr'>planta</span> <span class='ocrx_word' id='word_1_11' title='bbox 831 537 911 584; x_wconf 87' lang='lat' dir='ltr'>per</span> <span class='ocrx_word' id='word_1_12' title='bbox 930 537 1110 566; x_wconf 86' lang='lat' dir='ltr'>omnem</span> <span class='ocrx_word' id='word_1_13' title='bbox 1133 516 1227 565; x_wconf 79' lang='lat' dir='ltr'>fere</span> <span class='ocrx_word' id='word_1_14' title='bbox 1247 521 1403 566; x_wconf 85' lang='lat' dir='ltr'><strong>Orien·</strong></span> 
     </span>
     <span class='ocr_line' id='line_1_5' title="bbox 166 594 1404 660; baseline -0.002 -16"><span class='ocrx_word' id='word_1_15' title='bbox 166 613 268 652; x_wconf 88' lang='lat' dir='ltr'>tem,</span> <span class='ocrx_word' id='word_1_16' title='bbox 303 599 348 642; x_wconf 87' lang='lat' dir='ltr'>in</span> <span class='ocrx_word' id='word_1_17' title='bbox 387 598 547 660; x_wconf 86' lang='lat' dir='ltr'>campis</span> <span class='ocrx_word' id='word_1_18' title='bbox 570 600 816 651; x_wconf 81' lang='lat' dir='ltr'>Armeniae,</span> <span class='ocrx_word' id='word_1_19' title='bbox 854 598 1084 656; x_wconf 83' lang='lat' dir='ltr'>Georgiae,</span> <span class='ocrx_word' id='word_1_20' title='bbox 1131 594 1306 651; x_wconf 80' lang='lat' dir='ltr'>Perfiae,</span> <span class='ocrx_word' id='word_1_21' title='bbox 1344 612 1404 642; x_wconf 84' lang='lat' dir='ltr'>te-</span> 
     </span>
     <span class='ocr_line' id='line_1_6' title="bbox 166 667 1401 719; baseline -0.001 0"><span class='ocrx_word' id='word_1_22' title='bbox 166 673 297 719; x_wconf 81' lang='lat' dir='ltr'>stibus</span> <span class='ocrx_word' id='word_1_23' title='bbox 344 667 454 719; x_wconf 87' lang='lat' dir='ltr'>TO</span> <span class='ocrx_word' id='word_1_24' title='bbox 473 670 713 718; x_wconf 78' lang='lat' dir='ltr'>VRNEF</span> <span class='ocrx_word' id='word_1_25' title='bbox 731 667 959 719; x_wconf 87' lang='lat' dir='ltr'>ORTO</span> <span class='ocrx_word' id='word_1_26' title='bbox 1002 686 1044 716; x_wconf 80' lang='lat' dir='ltr'>et</span> <span class='ocrx_word' id='word_1_27' title='bbox 1072 670 1270 718; x_wconf 76' lang='lat' dir='ltr'>Rabbino</span> <span class='ocrx_word' id='word_1_28' title='bbox 1291 671 1401 719; x_wconf 90' lang='lat' dir='ltr'>PE-</span> 
     </span>
     <span class='ocr_line' id='line_1_7' title="bbox 166 744 1400 812; baseline -0.002 -17"><span class='ocrx_word' id='word_1_29' title='bbox 166 749 218 795; x_wconf 90' lang='lat' dir='ltr'>T</span> <span class='ocrx_word' id='word_1_30' title='bbox 233 745 279 795; x_wconf 81' lang='grc' dir='ltr'>Α</span> <span class='ocrx_word' id='word_1_31' title='bbox 294 745 336 796; x_wconf 89' lang='lat' dir='ltr'>C</span> <span class='ocrx_word' id='word_1_32' title='bbox 350 746 398 794; x_wconf 91' lang='lat' dir='ltr'><strong>H</strong></span> <span class='ocrx_word' id='word_1_33' title='bbox 412 748 427 793; x_wconf 93' lang='grc' dir='ltr'>Ι</span> <span class='ocrx_word' id='word_1_34' title='bbox 442 744 486 793; x_wconf 76' lang='grc' dir='ltr'>Α</span> <span class='ocrx_word' id='word_1_35' title='bbox 504 760 515 796; x_wconf 86' lang='grc'>;</span> <span class='ocrx_word' id='word_1_36' title='bbox 549 750 593 792; x_wconf 85' lang='lat' dir='ltr'>in</span> <span class='ocrx_word' id='word_1_37' title='bbox 623 745 879 803; x_wconf 72' lang='lat' dir='ltr'>chorasana,</span> <span class='ocrx_word' id='word_1_38' title='bbox 923 752 1223 803; x_wconf 78' lang='lat' dir='ltr'>Transoxana,</span> <span class='ocrx_word' id='word_1_39' title='bbox 1245 751 1291 794; x_wconf 88' lang='lat' dir='ltr'>in</span> <span class='ocrx_word' id='word_1_40' title='bbox 1312 750 1400 812; x_wconf 82' lang='lat' dir='ltr'>pri-</span> 
     </span>
     <span class='ocr_line' id='line_1_8' title="bbox 165 823 1398 880; baseline -0.001 -9"><span class='ocrx_word' id='word_1_41' title='bbox 165 827 249 871; x_wconf 88' lang='lat' dir='ltr'>mis</span> <span class='ocrx_word' id='word_1_42' title='bbox 282 827 393 870; x_wconf 83' lang='lat' dir='ltr'>circa</span> <span class='ocrx_word' id='word_1_43' title='bbox 425 823 548 870; x_wconf 71' lang='lat' dir='ltr'>Vrbes</span> <span class='ocrx_word' id='word_1_44' title='bbox 584 826 748 879; x_wconf 76' lang='lat' dir='ltr'>Raiam,</span> <span class='ocrx_word' id='word_1_45' title='bbox 782 824 1022 870; x_wconf 83' lang='lat' dir='ltr'>Bocharam</span> <span class='ocrx_word' id='word_1_46' title='bbox 1073 839 1116 869; x_wconf 86' lang='lat' dir='ltr'>et</span> <span class='ocrx_word' id='word_1_47' title='bbox 1146 827 1398 880; x_wconf 83' lang='lat' dir='ltr'>Zaminum,</span> 
     </span>
     <span class='ocr_line' id='line_1_9' title="bbox 166 892 1399 969; baseline -0.001 -22"><span class='ocrx_word' id='word_1_48' title='bbox 166 901 280 948; x_wconf 85' lang='lat' dir='ltr'>vnde</span> <span class='ocrx_word' id='word_1_49' title='bbox 302 903 507 947; x_wconf 82' lang='lat' dir='ltr'>Zaminae</span> <span class='ocrx_word' id='word_1_50' title='bbox 532 899 576 962; x_wconf 77' lang='lat' dir='ltr'>P)</span> <span class='ocrx_word' id='word_1_51' title='bbox 622 917 784 947; x_wconf 83' lang='lat' dir='ltr'>nomen</span> <span class='ocrx_word' id='word_1_52' title='bbox 804 892 1112 969; x_wconf 68' lang='lat' dir='ltr'>terengabimz</span> <span class='ocrx_word' id='word_1_53' title='bbox 1132 902 1313 956; x_wconf 78' lang='lat' dir='ltr'><strong>inuenit,</strong></span> <span class='ocrx_word' id='word_1_54' title='bbox 1338 917 1399 947; x_wconf 83' lang='lat' dir='ltr'>te-</span> 
     </span>
     <span class='ocr_line' id='line_1_10' title="bbox 163 972 1396 1025; baseline 0.001 -2"><span class='ocrx_word' id='word_1_55' title='bbox 163 975 295 1023; x_wconf 81' lang='lat' dir='ltr'>stibus</span> <span class='ocrx_word' id='word_1_56' title='bbox 343 975 488 1023; x_wconf 82' lang='lat' dir='ltr'>EBN</span> <span class='ocrx_word' id='word_1_57' title='bbox 546 972 726 1023; x_wconf 83' lang='lat' dir='ltr'>SINA</span> <span class='ocrx_word' id='word_1_58' title='bbox 775 992 818 1024; x_wconf 86' lang='lat' dir='ltr'>et</span> <span class='ocrx_word' id='word_1_59' title='bbox 876 973 1396 1025; x_wconf 80' lang='lat' dir='ltr'>HERBELOTO:</span> 
     </span>
     <span class='ocr_line' id='line_1_11' title="bbox 163 1052 1399 1118; baseline 0.001 -18"><span class='ocrx_word' id='word_1_60' title='bbox 163 1056 210 1100; x_wconf 87' lang='lat' dir='ltr'>in</span> <span class='ocrx_word' id='word_1_61' title='bbox 240 1057 468 1100; x_wconf 76' lang='lat' dir='ltr'><strong>Carmania</strong></span> <span class='ocrx_word' id='word_1_62' title='bbox 513 1055 692 1117; x_wconf 82' lang='lat' dir='ltr'>aliisque</span> <span class='ocrx_word' id='word_1_63' title='bbox 725 1052 887 1100; x_wconf 79' lang='lat' dir='ltr'>Perfiae</span> <span class='ocrx_word' id='word_1_64' title='bbox 921 1053 1129 1117; x_wconf 77' lang='lat' dir='ltr'>partibus,</span> <span class='ocrx_word' id='word_1_65' title='bbox 1164 1056 1399 1118; x_wconf 78' lang='lat' dir='ltr'>praecipue</span> 
     </span>
     <span class='ocr_line' id='line_1_12' title="bbox 163 1124 1398 1194; baseline 0.002 -19"><span class='ocrx_word' id='word_1_66' title='bbox 163 1132 276 1175; x_wconf 84' lang='lat' dir='ltr'>circa</span> <span class='ocrx_word' id='word_1_67' title='bbox 310 1132 576 1194; x_wconf 83' lang='lat' dir='ltr'>Ispahanum</span> <span class='ocrx_word' id='word_1_68' title='bbox 590 1164 600 1184; x_wconf 83' lang='grc'>,</span> <span class='ocrx_word' id='word_1_69' title='bbox 662 1128 764 1175; x_wconf 83' lang='lat' dir='ltr'>teste</span> <span class='ocrx_word' id='word_1_70' title='bbox 826 1128 866 1174; x_wconf 85' lang='lat' dir='ltr'><strong>K</strong></span> <span class='ocrx_word' id='word_1_71' title='bbox 879 1124 923 1174; x_wconf 78' lang='grc' dir='ltr'>Α</span> <span class='ocrx_word' id='word_1_72' title='bbox 944 1129 980 1173; x_wconf 90' lang='grc' dir='ltr'><strong>Ε</strong></span> <span class='ocrx_word' id='word_1_73' title='bbox 992 1128 1047 1174; x_wconf 86' lang='grc' dir='ltr'>Μ</span> <span class='ocrx_word' id='word_1_74' title='bbox 1060 1127 1094 1174; x_wconf 87' lang='grc' dir='ltr'>Ρ</span> <span class='ocrx_word' id='word_1_75' title='bbox 1105 1129 1138 1175; x_wconf 85' lang='lat' dir='ltr'>F</span> <span class='ocrx_word' id='word_1_76' title='bbox 1149 1130 1186 1175; x_wconf 89' lang='lat' dir='ltr'>E</span> <span class='ocrx_word' id='word_1_77' title='bbox 1198 1128 1238 1176; x_wconf 86' lang='lat' dir='ltr'><strong>R</strong></span> <span class='ocrx_word' id='word_1_78' title='bbox 1251 1127 1300 1177; x_wconf 88' lang='lat' dir='ltr'>O</span> <span class='ocrx_word' id='word_1_79' title='bbox 1355 1145 1398 1177; x_wconf 85' lang='lat' dir='ltr'>et</span> 
     </span>
     <span class='ocr_line' id='line_1_13' title="bbox 162 1201 1396 1262; baseline 0.001 -11"><span class='ocrx_word' id='word_1_80' title='bbox 162 1204 206 1252; x_wconf 92' lang='lat' dir='ltr'>N</span> <span class='ocrx_word' id='word_1_81' title='bbox 222 1206 238 1251; x_wconf 87' lang='grc' dir='ltr'>Ι</span> <span class='ocrx_word' id='word_1_82' title='bbox 254 1206 290 1251; x_wconf 86' lang='lat' dir='ltr'>E</span> <span class='ocrx_word' id='word_1_83' title='bbox 301 1204 336 1251; x_wconf 85' lang='grc' dir='ltr'>Β</span> <span class='ocrx_word' id='word_1_84' title='bbox 352 1206 391 1251; x_wconf 86' lang='lat' dir='ltr'>V</span> <span class='ocrx_word' id='word_1_85' title='bbox 402 1205 450 1251; x_wconf 93' lang='lat' dir='ltr'><strong>H</strong></span> <span class='ocrx_word' id='word_1_86' title='bbox 466 1204 506 1252; x_wconf 86' lang='lat' dir='ltr'>R</span> <span class='ocrx_word' id='word_1_87' title='bbox 521 1205 537 1251; x_wconf 91' lang='grc' dir='ltr'>Ι</span> <span class='ocrx_word' id='word_1_88' title='bbox 551 1201 620 1252; x_wconf 89' lang='lat' dir='ltr'>O:</span> <span class='ocrx_word' id='word_1_89' title='bbox 650 1207 695 1251; x_wconf 91' lang='lat' dir='ltr'>in</span> <span class='ocrx_word' id='word_1_90' title='bbox 719 1205 880 1252; x_wconf 76' lang='lat' dir='ltr'>Arabia</span> <span class='ocrx_word' id='word_1_91' title='bbox 902 1209 1088 1262; x_wconf 70' lang='lat' dir='ltr'>Petraea,</span> <span class='ocrx_word' id='word_1_92' title='bbox 1128 1205 1288 1253; x_wconf 84' lang='lat' dir='ltr'>etiamfi</span> <span class='ocrx_word' id='word_1_93' title='bbox 1319 1207 1396 1252; x_wconf 84' lang='lat' dir='ltr'>du·</span> 
     </span>
     <span class='ocr_line' id='line_1_14' title="bbox 162 1279 1396 1348; baseline -0.001 -19"><span class='ocrx_word' id='word_1_94' title='bbox 162 1282 313 1329; x_wconf 82' lang='lat' dir='ltr'>bitauit</span> <span class='ocrx_word' id='word_1_95' title='bbox 333 1282 602 1328; x_wconf 68' lang='lat' dir='ltr'>venerandus</span> <span class='ocrx_word' id='word_1_96' title='bbox 641 1280 677 1327; x_wconf 88' lang='grc' dir='ltr'>Β</span> <span class='ocrx_word' id='word_1_97' title='bbox 692 1281 773 1328; x_wconf 88' lang='lat' dir='ltr'>VS</span> <span class='ocrx_word' id='word_1_98' title='bbox 790 1279 831 1330; x_wconf 87' lang='lat' dir='ltr'>C</span> <span class='ocrx_word' id='word_1_99' title='bbox 844 1281 891 1328; x_wconf 85' lang='lat' dir='ltr'><strong>H</strong></span> <span class='ocrx_word' id='word_1_100' title='bbox 906 1281 921 1326; x_wconf 90' lang='grc' dir='ltr'>Ι</span> <span class='ocrx_word' id='word_1_101' title='bbox 935 1280 980 1327; x_wconf 86' lang='lat' dir='ltr'>N</span> <span class='ocrx_word' id='word_1_102' title='bbox 996 1279 1044 1328; x_wconf 87' lang='lat' dir='ltr'>G</span> <span class='ocrx_word' id='word_1_103' title='bbox 1060 1281 1129 1327; x_wconf 72' lang='lat' dir='ltr'>IV</span> <span class='ocrx_word' id='word_1_104' title='bbox 1143 1282 1171 1328; x_wconf 86' lang='lat' dir='ltr'>S</span> <span class='ocrx_word' id='word_1_105' title='bbox 1195 1283 1251 1344; x_wconf 63' lang='lat' dir='ltr'>q),</span> <span class='ocrx_word' id='word_1_106' title='bbox 1273 1300 1396 1348; x_wconf 86' lang='lat' dir='ltr'>prae-</span> 
     </span>
     <span class='ocr_line' id='line_1_15' title="bbox 161 1356 1394 1423; baseline 0.002 -18"><span class='ocrx_word' id='word_1_107' title='bbox 161 1363 288 1423; x_wconf 79' lang='lat' dir='ltr'><strong>cipue</strong></span> <span class='ocrx_word' id='word_1_108' title='bbox 310 1361 422 1404; x_wconf 84' lang='lat' dir='ltr'><strong>inter</strong></span> <span class='ocrx_word' id='word_1_109' title='bbox 443 1361 558 1405; x_wconf 78' lang='lat' dir='ltr'>Sinai</span> <span class='ocrx_word' id='word_1_110' title='bbox 581 1374 622 1404; x_wconf 79' lang='lat' dir='ltr'>et</span> <span class='ocrx_word' id='word_1_111' title='bbox 652 1361 765 1414; x_wconf 80' lang='lat' dir='ltr'>Tor,</span> <span class='ocrx_word' id='word_1_112' title='bbox 797 1357 899 1404; x_wconf 82' lang='lat' dir='ltr'>teste</span> <span class='ocrx_word' id='word_1_113' title='bbox 922 1356 958 1403; x_wconf 86' lang='lat' dir='ltr'>B</span> <span class='ocrx_word' id='word_1_114' title='bbox 973 1357 1060 1405; x_wconf 76' lang='grc' dir='ltr'>ΕΙ..</span> <span class='ocrx_word' id='word_1_115' title='bbox 1075 1357 1116 1405; x_wconf 88' lang='lat' dir='ltr'><strong>L</strong></span> <span class='ocrx_word' id='word_1_116' title='bbox 1131 1357 1181 1407; x_wconf 85' lang='lat' dir='ltr'>O</span> <span class='ocrx_word' id='word_1_117' title='bbox 1194 1358 1239 1405; x_wconf 87' lang='lat' dir='ltr'>N</span> <span class='ocrx_word' id='word_1_118' title='bbox 1252 1360 1267 1405; x_wconf 87' lang='grc' dir='ltr'>Ι</span> <span class='ocrx_word' id='word_1_119' title='bbox 1282 1357 1330 1407; x_wconf 83' lang='lat' dir='ltr'>O</span> <span class='ocrx_word' id='word_1_120' title='bbox 1352 1362 1394 1422; x_wconf 77' lang='lat'>⁷)</span> 
     </span>
     <span class='ocr_line' id='line_1_16' title="bbox 159 1432 1396 1499; baseline 0 -18"><span class='ocrx_word' id='word_1_121' title='bbox 159 1452 203 1481; x_wconf 80' lang='lat' dir='ltr'>et</span> <span class='ocrx_word' id='word_1_122' title='bbox 225 1435 551 1499; x_wconf 85' lang='lat' dir='ltr'>quodammodo</span> <span class='ocrx_word' id='word_1_123' title='bbox 574 1438 701 1481; x_wconf 75' lang='lat' dir='ltr'>etiam</span> <span class='ocrx_word' id='word_1_124' title='bbox 729 1434 774 1482; x_wconf 87' lang='lat' dir='ltr'>N</span> <span class='ocrx_word' id='word_1_125' title='bbox 789 1434 804 1480; x_wconf 92' lang='grc' dir='ltr'>Ι</span> <span class='ocrx_word' id='word_1_126' title='bbox 821 1434 857 1479; x_wconf 86' lang='grc' dir='ltr'><strong><em>Ε</em></strong></span> <span class='ocrx_word' id='word_1_127' title='bbox 871 1433 907 1480; x_wconf 83' lang='grc' dir='ltr'>Β</span> <span class='ocrx_word' id='word_1_128' title='bbox 922 1434 963 1479; x_wconf 92' lang='lat' dir='ltr'>V</span> <span class='ocrx_word' id='word_1_129' title='bbox 977 1434 1023 1481; x_wconf 87' lang='lat' dir='ltr'><strong>H</strong></span> <span class='ocrx_word' id='word_1_130' title='bbox 1041 1435 1108 1482; x_wconf 70' lang='lat' dir='ltr'>R}</span> <span class='ocrx_word' id='word_1_131' title='bbox 1129 1432 1198 1493; x_wconf 77' lang='lat'>03</span> <span class='ocrx_word' id='word_1_132' title='bbox 1222 1438 1267 1482; x_wconf 85' lang='lat' dir='ltr'>in</span> <span class='ocrx_word' id='word_1_133' title='bbox 1290 1442 1396 1481; x_wconf 86' lang='lat' dir='ltr'><strong>Ara-</strong></span> 
     </span>
     <span class='ocr_line' id='line_1_17' title="bbox 160 1511 1396 1575; baseline 0.001 -17"><span class='ocrx_word' id='word_1_134' title='bbox 160 1512 230 1558; x_wconf 78' lang='lat' dir='ltr'>bia</span> <span class='ocrx_word' id='word_1_135' title='bbox 262 1511 444 1567; x_wconf 76' lang='lat' dir='ltr'>deserta,</span> <span class='ocrx_word' id='word_1_136' title='bbox 488 1514 532 1557; x_wconf 82' lang='lat' dir='ltr'>in</span> <span class='ocrx_word' id='word_1_137' title='bbox 557 1514 710 1575; x_wconf 66' lang='lat' dir='ltr'>primis</span> <span class='ocrx_word' id='word_1_138' title='bbox 744 1513 854 1557; x_wconf 58' lang='lat' dir='ltr'><strong>cffrca</strong></span> <span class='ocrx_word' id='word_1_139' title='bbox 891 1511 1047 1559; x_wconf 79' lang='lat' dir='ltr'>vrbem</span> <span class='ocrx_word' id='word_1_140' title='bbox 1074 1517 1231 1558; x_wconf 71' lang='lat' dir='ltr'>Racam</span> <span class='ocrx_word' id='word_1_141' title='bbox 1245 1550 1254 1568; x_wconf 81' lang='lat'>,</span> <span class='ocrx_word' id='word_1_142' title='bbox 1293 1511 1396 1559; x_wconf 78' lang='lat' dir='ltr'>teste</span> 
     </span>
     <span class='ocr_line' id='line_1_18' title="bbox 159 1583 1393 1652; baseline 0.002 -18"><span class='ocrx_word' id='word_1_143' title='bbox 159 1587 197 1634; x_wconf 80' lang='lat' dir='ltr'>B</span> <span class='ocrx_word' id='word_1_144' title='bbox 214 1588 255 1634; x_wconf 90' lang='lat' dir='ltr'>V</span> <span class='ocrx_word' id='word_1_145' title='bbox 269 1588 296 1635; x_wconf 86' lang='lat' dir='ltr'>S</span> <span class='ocrx_word' id='word_1_146' title='bbox 313 1586 355 1636; x_wconf 90' lang='lat' dir='ltr'>C</span> <span class='ocrx_word' id='word_1_147' title='bbox 370 1587 416 1633; x_wconf 90' lang='lat' dir='ltr'>H</span> <span class='ocrx_word' id='word_1_148' title='bbox 432 1588 443 1633; x_wconf 78' lang='grc' dir='ltr'>Ι</span> <span class='ocrx_word' id='word_1_149' title='bbox 459 1587 504 1634; x_wconf 88' lang='grc' dir='ltr'>Ν</span> <span class='ocrx_word' id='word_1_150' title='bbox 518 1585 564 1633; x_wconf 83' lang='lat' dir='ltr'>G</span> <span class='ocrx_word' id='word_1_151' title='bbox 580 1588 594 1632; x_wconf 82' lang='grc' dir='ltr'>Ι</span> <span class='ocrx_word' id='word_1_152' title='bbox 609 1583 658 1635; x_wconf 82' lang='lat' dir='ltr'>O</span> <span class='ocrx_word' id='word_1_153' title='bbox 679 1587 741 1649; x_wconf 67' lang='lat'>5):</span> <span class='ocrx_word' id='word_1_154' title='bbox 783 1588 970 1652; x_wconf 74' lang='lat' dir='ltr'><strong>denique</strong></span> <span class='ocrx_word' id='word_1_155' title='bbox 1005 1591 1050 1635; x_wconf 80' lang='lat' dir='ltr'>in</span> <span class='ocrx_word' id='word_1_156' title='bbox 1080 1588 1232 1635; x_wconf 82' lang='lat' dir='ltr'><strong>Infulis</strong></span> <span class='ocrx_word' id='word_1_157' title='bbox 1257 1592 1393 1637; x_wconf 84' lang='lat' dir='ltr'>Grae·</span> 
     </span>
     <span class='ocr_line' id='line_1_19' title="bbox 160 1664 1393 1729; baseline 0.001 -18"><span class='ocrx_word' id='word_1_158' title='bbox 160 1668 261 1721; x_wconf 68' lang='lat' dir='ltr'>oziae,</span> <span class='ocrx_word' id='word_1_159' title='bbox 285 1668 407 1712; x_wconf 86' lang='lat' dir='ltr'>Tino</span> <span class='ocrx_word' id='word_1_160' title='bbox 433 1680 474 1710; x_wconf 85' lang='lat' dir='ltr'>et</span> <span class='ocrx_word' id='word_1_161' title='bbox 495 1667 621 1719; x_wconf 66' lang='lat' dir='ltr'>scira,</span> <span class='ocrx_word' id='word_1_162' title='bbox 656 1664 729 1710; x_wconf 82' lang='lat' dir='ltr'>vbi</span> <span class='ocrx_word' id='word_1_163' title='bbox 758 1681 966 1728; x_wconf 85' lang='lat' dir='ltr'>tanquam</span> <span class='ocrx_word' id='word_1_164' title='bbox 995 1668 1133 1729; x_wconf 78' lang='lat' dir='ltr'>patria</span> <span class='ocrx_word' id='word_1_165' title='bbox 1165 1681 1393 1721; x_wconf 80' lang='lat' dir='ltr'>extorrem,</span> 
     </span>
     <span class='ocr_line' id='line_1_20' title="bbox 158 1734 1395 1806; baseline 0 -18"><span class='ocrx_word' id='word_1_166' title='bbox 158 1741 283 1788; x_wconf 73' lang='lat' dir='ltr'>simul</span> <span class='ocrx_word' id='word_1_167' title='bbox 300 1739 647 1806; x_wconf 68' lang='lat' dir='ltr'>praestantiffima</span> <span class='ocrx_word' id='word_1_168' title='bbox 671 1740 744 1786; x_wconf 80' lang='lat' dir='ltr'>sua</span> <span class='ocrx_word' id='word_1_169' title='bbox 773 1743 884 1796; x_wconf 80' lang='lat' dir='ltr'>dote,</span> <span class='ocrx_word' id='word_1_170' title='bbox 908 1755 1078 1788; x_wconf 75' lang='lat' dir='ltr'>mamm</span> <span class='ocrx_word' id='word_1_171' title='bbox 1099 1734 1395 1801; x_wconf 66' lang='lat' dir='ltr'>infhczmdam</span> 
     </span>
     <span class='ocr_line' id='line_1_21' title="bbox 158 1815 1394 1867; baseline 0.002 -3"><span class='ocrx_word' id='word_1_172' title='bbox 158 1817 443 1865; x_wconf 73' lang='lat' dir='ltr'>obseruarunt</span> <span class='ocrx_word' id='word_1_173' title='bbox 485 1815 825 1864; x_wconf 85' lang='lat' dir='ltr'>WHELER</span> <span class='ocrx_word' id='word_1_174' title='bbox 843 1818 876 1863; x_wconf 76' lang='lat' dir='ltr'>V</span> <span class='ocrx_word' id='word_1_175' title='bbox 896 1817 924 1864; x_wconf 90' lang='lat' dir='ltr'>S</span> <span class='ocrx_word' id='word_1_176' title='bbox 965 1834 1007 1865; x_wconf 85' lang='lat' dir='ltr'>et</span> <span class='ocrx_word' id='word_1_177' title='bbox 1032 1817 1394 1867; x_wconf 84' lang='lat' dir='ltr'>TOVRNE-</span> 
     </span>
     <span class='ocr_line' id='line_1_22' title="bbox 158 1890 548 1956; baseline -0.01 -14"><span class='ocrx_word' id='word_1_178' title='bbox 158 1894 192 1942; x_wconf 80' lang='lat' dir='ltr'>F</span> <span class='ocrx_word' id='word_1_179' title='bbox 204 1890 252 1941; x_wconf 89' lang='lat' dir='ltr'>O</span> <span class='ocrx_word' id='word_1_180' title='bbox 264 1895 304 1941; x_wconf 75' lang='lat' dir='ltr'>R</span> <span class='ocrx_word' id='word_1_181' title='bbox 316 1895 367 1942; x_wconf 89' lang='lat' dir='ltr'>T</span> <span class='ocrx_word' id='word_1_182' title='bbox 380 1894 422 1940; x_wconf 92' lang='lat' dir='ltr'>V</span> <span class='ocrx_word' id='word_1_183' title='bbox 438 1893 467 1940; x_wconf 89' lang='lat' dir='ltr'>S</span> <span class='ocrx_word' id='word_1_184' title='bbox 489 1890 548 1956; x_wconf 56' lang='grc' dir='ltr'>ἲ).</span> 
     </span>
    </p>

    <p class='ocr_par' dir='ltr' id='par_1_4' title="bbox 470 1973 1078 2116">
     <span class='ocr_line' id='line_1_23' title="bbox 674 1973 910 2030; baseline -0.004 -14"><span class='ocrx_word' id='word_1_185' title='bbox 674 1973 707 2030; x_wconf 79' lang='lat'>§.</span> <span class='ocrx_word' id='word_1_186' title='bbox 762 1973 910 2016; x_wconf 73' lang='lat' dir='ltr'>xxm.</span> 
     </span>
     <span class='ocr_line' id='line_1_24' title="bbox 470 2037 1078 2116; baseline 0.005 -23"><span class='ocrx_word' id='word_1_187' title='bbox 470 2042 591 2093; x_wconf 78' lang='lat' dir='ltr'><em>Eius</em></span> <span class='ocrx_word' id='word_1_188' title='bbox 627 2037 718 2099; x_wconf 75' lang='lat' dir='ltr'>dos,</span> <span class='ocrx_word' id='word_1_189' title='bbox 755 2038 1078 2116; x_wconf 59' lang='lat' dir='ltr'><em>teretggabina.</em></span> 
     </span>
    </p>

    <p class='ocr_par' dir='ltr' id='par_1_5' title="bbox 309 2121 1394 2193">
     <span class='ocr_line' id='line_1_25' title="bbox 309 2121 1394 2193; baseline 0.003 -24"><span class='ocrx_word' id='word_1_190' title='bbox 309 2126 372 2169; x_wconf 85' lang='lat' dir='ltr'>Ex</span> <span class='ocrx_word' id='word_1_191' title='bbox 393 2124 478 2170; x_wconf 89' lang='lat' dir='ltr'>hoc</span> <span class='ocrx_word' id='word_1_192' title='bbox 501 2121 655 2169; x_wconf 73' lang='lat' dir='ltr'>frutice</span> <span class='ocrx_word' id='word_1_193' title='bbox 678 2122 774 2169; x_wconf 81' lang='lat' dir='ltr'>solis</span> <span class='ocrx_word' id='word_1_194' title='bbox 811 2124 966 2169; x_wconf 81' lang='lat' dir='ltr'>ardore</span> <span class='ocrx_word' id='word_1_195' title='bbox 999 2124 1155 2188; x_wconf 83' lang='lat' dir='ltr'>liquari</span> <span class='ocrx_word' id='word_1_196' title='bbox 1177 2136 1394 2193; x_wconf 70' lang='lat' dir='ltr'><em>terenga-</em></span> 
     </span>
    </p>

    <p class='ocr_par' dir='ltr' id='par_1_6' title="bbox 157 2190 1394 2264">
     <span class='ocr_line' id='line_1_26' title="bbox 157 2190 1394 2264; baseline 0.002 -17"><span class='ocrx_word' id='word_1_197' title='bbox 157 2190 329 2263; x_wconf 72' lang='lat' dir='ltr'>binam,</span> <span class='ocrx_word' id='word_1_198' title='bbox 365 2203 602 2246; x_wconf 78' lang='lat' dir='ltr'>memoriae</span> <span class='ocrx_word' id='word_1_199' title='bbox 625 2200 911 2264; x_wconf 80' lang='lat' dir='ltr'><strong>prodiderunt</strong></span> <span class='ocrx_word' id='word_1_200' title='bbox 941 2198 1394 2263; x_wconf 75' lang='lat' dir='ltr'>RAVWOLFIVS‚</span> 
     </span>
    </p>
   </div>
   <div class='ocr_carea' id='block_1_3' title="bbox 203 2272 1396 2672">
    <p class='ocr_par' dir='ltr' id='par_1_7' title="bbox 203 2272 1396 2672">
     <span class='ocr_line' id='line_1_27' title="bbox 1230 2272 1396 2321; baseline 0 0"><span class='ocrx_word' id='word_1_201' title='bbox 1230 2272 1267 2321; x_wconf 95' lang='lat' dir='ltr'>F</span> <span class='ocrx_word' id='word_1_202' title='bbox 1279 2274 1318 2321; x_wconf 95' lang='lat' dir='ltr'>L</span> <span class='ocrx_word' id='word_1_203' title='bbox 1330 2273 1396 2321; x_wconf 86' lang='lat' dir='ltr'>A·</span> 
     </span>
     <span class='ocr_line' id='line_1_28' title="bbox 203 2336 1132 2391; baseline -0.001 -14"><span class='ocrx_word' id='word_1_204' title='bbox 203 2340 250 2391; x_wconf 85' lang='lat' dir='ltr'>p)</span> <span class='ocrx_word' id='word_1_205' title='bbox 287 2350 563 2377; x_wconf 82' lang='lat' dir='ltr'>HERELOT.</span> <span class='ocrx_word' id='word_1_206' title='bbox 602 2336 767 2376; x_wconf 77' lang='lat' dir='ltr'><em>Biblioth.</em></span> <span class='ocrx_word' id='word_1_207' title='bbox 802 2338 941 2378; x_wconf 79' lang='lat' dir='ltr'><em>Orient.</em></span> <span class='ocrx_word' id='word_1_208' title='bbox 975 2350 1011 2389; x_wconf 93' lang='lat' dir='ltr'>p.</span> <span class='ocrx_word' id='word_1_209' title='bbox 1039 2351 1132 2389; x_wconf 81' lang='lat'>923.</span> 
     </span>
     <span class='ocr_line' id='line_1_29' title="bbox 210 2391 1322 2448; baseline 0.004 -17"><span class='ocrx_word' id='word_1_210' title='bbox 210 2399 256 2448; x_wconf 84' lang='lat' dir='ltr'>q)</span> <span class='ocrx_word' id='word_1_211' title='bbox 292 2394 397 2432; x_wconf 82' lang='lat' dir='ltr'><em>Neue</em></span> <span class='ocrx_word' id='word_1_212' title='bbox 418 2392 750 2447; x_wconf 75' lang='lat' dir='ltr'>Erdbeschreibzmg,</span> <span class='ocrx_word' id='word_1_213' title='bbox 777 2391 862 2433; x_wconf 88' lang='lat' dir='ltr'>Th.</span> <span class='ocrx_word' id='word_1_214' title='bbox 877 2393 927 2437; x_wconf 87' lang='lat' dir='ltr'>V.</span> <span class='ocrx_word' id='word_1_215' title='bbox 959 2393 1083 2435; x_wconf 74' lang='lat' dir='ltr'>Abth.</span> <span class='ocrx_word' id='word_1_216' title='bbox 1099 2392 1128 2435; x_wconf 90' lang='lat' dir='ltr'>I.</span> <span class='ocrx_word' id='word_1_217' title='bbox 1164 2406 1201 2448; x_wconf 87' lang='lat' dir='ltr'>p.</span> <span class='ocrx_word' id='word_1_218' title='bbox 1225 2406 1322 2447; x_wconf 84' lang='lat'>482.</span> 
     </span>
     <span class='ocr_line' id='line_1_30' title="bbox 212 2449 829 2504; baseline 0 -15"><span class='ocrx_word' id='word_1_219' title='bbox 212 2451 253 2500; x_wconf 86' lang='lat' dir='ltr'>r)</span> <span class='ocrx_word' id='word_1_220' title='bbox 295 2449 548 2501; x_wconf 54' lang='lat' dir='ltr'><em>Obseruauss.</em></span> <span class='ocrx_word' id='word_1_221' title='bbox 579 2453 642 2488; x_wconf 89' lang='lat'>66.</span> <span class='ocrx_word' id='word_1_222' title='bbox 674 2463 711 2504; x_wconf 90' lang='lat' dir='ltr'>p.</span> <span class='ocrx_word' id='word_1_223' title='bbox 739 2460 829 2495; x_wconf 85' lang='lat'><strong>288.</strong></span> 
     </span>
     <span class='ocr_line' id='line_1_31' title="bbox 215 2504 568 2557; baseline -0.003 -13"><span class='ocrx_word' id='word_1_224' title='bbox 215 2510 256 2556; x_wconf 84' lang='lat' dir='ltr'>s)</span> <span class='ocrx_word' id='word_1_225' title='bbox 294 2504 396 2546; x_wconf 80' lang='lat' dir='ltr'><strong>Ibid.</strong></span> <span class='ocrx_word' id='word_1_226' title='bbox 425 2519 568 2557; x_wconf 81' lang='lat' dir='ltr'>p.437.</span> 
     </span>
     <span class='ocr_line' id='line_1_32' title="bbox 211 2560 1394 2617; baseline 0.003 -17"><span class='ocrx_word' id='word_1_227' title='bbox 211 2565 251 2613; x_wconf 71' lang='lat' dir='ltr'>t)</span> <span class='ocrx_word' id='word_1_228' title='bbox 283 2560 442 2601; x_wconf 87' lang='lat' dir='ltr'>Horum</span> <span class='ocrx_word' id='word_1_229' title='bbox 460 2567 501 2601; x_wconf 82' lang='lat' dir='ltr'>et</span> <span class='ocrx_word' id='word_1_230' title='bbox 520 2561 770 2614; x_wconf 79' lang='lat' dir='ltr'>reliquorum</span> <span class='ocrx_word' id='word_1_231' title='bbox 787 2560 1013 2616; x_wconf 62' lang='lat' dir='ltr'>au6toru1n‚</span> <span class='ocrx_word' id='word_1_232' title='bbox 1039 2573 1143 2617; x_wconf 87' lang='lat' dir='ltr'>quos</span> <span class='ocrx_word' id='word_1_233' title='bbox 1166 2562 1288 2603; x_wconf 85' lang='lat' dir='ltr'>modo</span> <span class='ocrx_word' id='word_1_234' title='bbox 1309 2561 1394 2603; x_wconf 89' lang='lat' dir='ltr'><strong>lau·</strong></span> 
     </span>
     <span class='ocr_line' id='line_1_33' title="bbox 286 2617 915 2672; baseline 0.003 -16"><span class='ocrx_word' id='word_1_235' title='bbox 286 2617 390 2665; x_wconf 83' lang='lat' dir='ltr'>daui,</span> <span class='ocrx_word' id='word_1_236' title='bbox 419 2617 508 2660; x_wconf 82' lang='lat' dir='ltr'>loca</span> <span class='ocrx_word' id='word_1_237' title='bbox 539 2617 654 2672; x_wconf 73' lang='lat' dir='ltr'>supra</span> <span class='ocrx_word' id='word_1_238' title='bbox 674 2618 763 2659; x_wconf 86' lang='lat' dir='ltr'>sunt</span> <span class='ocrx_word' id='word_1_239' title='bbox 780 2617 915 2658; x_wconf 75' lang='lat' dir='ltr'>allata,</span> 
     </span>
    </p>
   </div>
   <div class='ocr_carea' id='block_1_4' title="bbox 808 2674 840 2718">
    <p class='ocr_par' dir='ltr' id='par_1_8' title="bbox 808 2674 840 2718">
     <span class='ocr_line' id='line_1_34' title="bbox 808 2674 840 2718; baseline 0 0"><span class='ocrx_word' id='word_1_240' title='bbox 808 2674 840 2718; x_wconf 16' lang='lat'>⁷1</span> 
     </span>
    </p>
   </div>
  </div>
 </body>
</html>
