1701 2990
684 229 1019 290 εὲἓῆῗὲὲᾶν
1346 250 1446 303 14¹

590 574 1090 647 INDEX.

813 812 863 853 A.

222 879 359 971 ..Aba
393 923 515 978 Bakri‚
544 924 634 978 quis
667 938 702 972 3·
743 922 812 964 scr.
837 921 918 964 diff.
950 923 1000 963 de
1032 936 1096 976 eo,
1129 922 1238 978 quod
1268 921 1449 962 medicus

336 994 474 1035 aegro,
502 988 543 1020 et
563 979 739 1029 vicissim,
771 980 956 1033 polliceri
986 980 1105 1020 debet
1396 978 1451 1021 ib.

226 1038 308 1078 Abu
328 1039 483 1090 Osbz‘bah,
508 1050 589 1077 non
610 1036 664 1077 est
685 1037 852 1090 scriptor
873 1035 1174 1076 enthufiasticus
1198 1050 1237 1086 7.
1269 1035 1357 1075 eius
1377 1034 1450 1076 lib.

278 1095 320 1134 de
342 1098 425 1132 vitis
446 1096 668 1140 medicorum,
689 1107 772 1133 non
789 1093 880 1133 satis
905 1099 1027 1132 notus
1045 1107 1114 1142 41.
1142 1093 1211 1145 qui
1232 1092 1352 1132 huius
1365 1103 1452 1130 me-

277 1149 469 1189 minerint
488 1150 537 1189 ib.
575 1148 716 1188 falsum
736 1149 895 1186 E‹·eimlii
913 1148 962 1186 de
985 1147 1062 1187 hoc
1081 1147 1149 1187 lib.
1171 1148 1364 1187 iudicium
1395 1146 1450 1189 ib.

277 1204 406 1246 verfio
433 1205 505 1243 Sal.
531 1206 650 1257 Negri
669 1217 749 1255 non
767 1203 856 1244 satis
881 1210 1066 1243 accurata
1086 1218 1138 1253 42
1163 1203 1216 1256 sq.
1257 1216 1339 1242 non
1358 1214 1451 1241 con-

278 1261 381 1303 tinet
413 1258 528 1299 hicce
555 1259 656 1300 liber
686 1260 850 1299 inuenta
882 1258 1064 1299 Arabum
1093 1260 1249 1298 medica
1276 1274 1341 1308 43.
1388 1257 1454 1297 sed

279 1318 394 1364 alius,
420 1316 644 1368 inscriptus,
667 1319 745 1354 rari
761 1315 855 1368 (ψη
880 1315 931 1354 ib.
978 1315 1153 1354 vitarum
1174 1315 1386 1368 descriptio
1410 1320 1452 1354 et

241 1426 246 1427 ⁷
279 1371 420 1414 diuifio
450 1388 515 1422 44.
554 1371 730 1411 recensio
759 1373 1009 1412 medicorum
1038 1372 1185 1411 ibidem
1207 1378 1452 1411 memorato-

278 1443 369 1469 rum
390 1432 439 1475 46
467 1428 517 1482 sq.
567 1441 714 1467 nomen
736 1427 913 1468 austoris
938 1440 1076 1467 verum
1100 1428 1354 1481 incognitum
1386 1441 1453 1478 55.

279 1486 386 1527 vitae
410 1485 499 1525 eius
528 1485 704 1524 narratio
737 1500 780 1535 55
804 1484 855 1539 sq.
907 1485 1067 1537 potiora
1097 1485 1184 1523 eius
1213 1484 1356 1535 scripta
1385 1485 1454 1534 56.

279 1548 401 1582 notae
430 1541 613 1580 codicum
642 1540 710 1581 lib.
745 1541 786 1579 de
816 1544 898 1579 vitis
926 1541 1137 1579 medicorum
1166 1541 1368 1592 illustrium
1396 1539 1452 1580 ib.

278 1597 462 1638 recensus
479 1610 635 1644 eorum,
664 1609 765 1650 quae
786 1597 934 1637 ibidem
958 1597 1150 1648 leguntur
1328 1611 1377 1646 57
1397 1596 1451 1649 sq.

208 1689 210 1696 ,
227 1658 429 1710 Aegyptus,
459 1653 507 1693 ab
522 1654 722 1693 Arabibus
742 1653 915 1692 varioias
935 1659 975 1692 et
995 1651 1207 1692 morbillos
1227 1653 1384 1705 accepit
1429 1661 1450 1697 8

226 1711 462 1762 Affffllapius,
489 1708 714 1761 persanauit
732 1710 901 1758 Art-‘slidis
921 1708 1107 1749 morbum
1423 1722 1452 1758 4

226 1767 425 1819 Aethiopes,
448 1766 621 1805 variolas
642 1771 683 1803 et
701 1764 915 1804 morbillos
930 1765 971 1803 in
985 1764 1171 1805 Arabiam
1182 1762 1407 1803 intulerunt
1426 1780 1448 1817 9

225 1823 377 1874 Arabes,
407 1833 549 1860 eorum
569 1821 778 1871 medicina,
801 1833 903 1873 quae
929 1836 962 1870 5.
994 1823 1061 1874 qui
1084 1820 1210 1872 vulgo
1234 1818 1286 1859 fic
1307 1832 1452 1859 vocan-

279 1885 346 1918 tur
375 1878 426 1918 ib.
484 1890 568 1916 non
606 1876 777 1916 multum
814 1877 997 1916 Vtilitatis
1033 1877 1075 1916 in
1110 1875 1285 1917 lectores
1313 1875 1452 1915 confe-

278 1941 374 1974 runt
406 1938 442 1974 6.
488 1932 557 1987 qui
586 1945 680 1972 vere
701 1932 858 1985 dicendi
878 1933 1017 1971 Arabes
1049 1933 1098 1971 ib.
1154 1932 1197 1972 hi
1216 1945 1298 1971 non
1320 1931 1449 1985 scrips.

277 1991 405 2032 libros
426 1995 518 2029 ante
541 2001 689 2028 annum
722 2005 800 2040 700
833 1986 916 2041 post
951 1988 1127 2039 Chr-stum
1146 1995 1285 2028 natum
1399 1999 1447 2034 28

225 2048 409 2098 Aristides,
433 2047 526 2093 fiel.²
552 2046 641 2098 quis
663 2060 703 2096 4.
736 2046 826 2086 eius
849 2045 1015 2085 morbus
1035 2043 1248 2098 fingularis
1277 2045 1330 2086 ib.
1371 2044 1452 2084 sae-

286 2116 334 2153 pe
353 2109 530 2155 nugatur
1427 2114 1447 2151 5

226 2159 384 2210 Asthmu,
411 2159 498 2199 eius
527 2159 682 2198 curatio
701 2155 884 2212 peruersa
1396 2159 1445 2197 61

743 2256 748 2257 ⁷
824 2237 868 2276 C.

231 2290 354 2342 Calah,
385 2291 473 2331 eius
500 2291 605 2331 inter
631 2290 790 2333 Arabes
823 2299 938 2332 ortus
979 2305 1016 2343 9.
1058 2288 1116 2332 est
1147 2289 1280 2331 rabies
1307 2287 1451 2330 canina

279 2347 453 2388 Arabica
1399 2359 1450 2384 10

228 2403 444 2456 Camphorae
473 2401 561 2444 vsus
1256 2417 1305 2455 59
1332 2406 1374 2441 et
1394 2403 1448 2440 60

229 2460 395 2499 cardiaci
423 2459 558 2508 iidem,
587 2459 655 2513 qui
674 2457 823 2500 hefflci
1394 2460 1448 2496 60

229 2516 451 2564 Catum-afta,
482 2516 568 2556 eius
601 2522 768 2569 ruptura
797 2514 969 2556 celebris
1000 2528 1063 2565 27.
1107 2513 1269 2568 quando
1296 2513 1451 2553 accide-

281 2571 334 2611 rit
1391 2569 1447 2610 ib.

231 2627 451 2681 Cauterium,
476 2640 650 2682 magnus
675 2628 764 2669 eius
782 2628 886 2682 apud
905 2625 1123 2668 orientales
1145 2623 1237 2666 vsus
1398 2640 1412 2664 1
1425 2639 1443 2673 3

1287 2681 1446 2729 Cinaedi,
