1701 2990
375 253 453 295 DE
492 252 744 293 MANNA
784 250 1222 293 EBRAEORVM.
1330 251 1403 309 97

173 384 278 417 runt
300 372 519 417 maiorum
540 367 771 434 nostraque
792 371 1017 425 memoria,
1055 370 1131 434 qui
1153 384 1241 414 non
1264 366 1398 427 aliter,

175 463 223 492 ac
245 463 407 492 veteres
429 444 567 492 feciffe
589 447 682 505 dixi,
711 463 845 511 apum
868 446 921 492 de
945 445 1072 492 melle
1093 444 1286 510 parando
1309 455 1399 490 me-

173 525 255 568 rita
282 525 599 568 imminuerunt
627 540 673 569 ac
709 521 1006 570 detreRarent.
1116 524 1321 581 Quorum
1349 522 1396 566 in

175 615 361 644 numero
394 600 862 645 GERSTENIVS
892 597 962 655 est,
1005 597 1078 645 sed
1106 595 1396 662 reprehensus

174 674 248 720 ille
280 675 364 720 hoc
397 677 574 720 nomine
606 692 630 720 a
662 677 945 722 LECHIO.
1048 677 1087 720 Is
1118 691 1226 721 vero
1248 673 1398 719 admo-

175 750 284 795 dum
314 748 497 795 infirmis
541 766 689 797 contra
739 753 1224 799 GERSTENIVM
1263 751 1396 796 armis

171 843 370 890 pugnare
392 827 502 872 mihi
524 827 704 872 videtur.
783 825 987 873 Testatur
1017 824 1246 873 afiorum
1274 825 1396 871 {ilen-

171 904 298 958 tium‚
338 904 414 965 qui
448 905 554 949 varii
585 906 700 950 varia
733 903 786 950 de
817 903 970 968 apibus
997 903 1148 949 litteris
1179 900 1397 962 consigna-

172 994 287 1025 runt.
362 983 506 1040 Auget
534 980 673 1025 mellis
705 979 858 1026 roscidi
887 977 1064 1038 fastidia,
1094 996 1173 1026 nec
1205 980 1394 1042 denique

172 1056 333 1100 omittit
353 1053 673 1115 longiusculum
695 1072 827 1120 apum
853 1055 1053 1113 rostrum,
1093 1072 1183 1119 quo
1213 1054 1393 1101 floribus

173 1127 315 1186 infixo,
349 1131 584 1176 humorem
615 1132 727 1190 inde,
770 1129 966 1177 futuram
996 1132 1134 1177 mellis
1156 1133 1397 1186 materiam,

171 1207 394 1254 traherent
415 1222 542 1270 atque
565 1205 827 1267 exsugerent.
903 1196 985 1254 Sed
1010 1223 1055 1252 vt
1076 1209 1208 1253 trium
1230 1208 1395 1253 horum

172 1300 534 1344 argumentorum
574 1283 692 1347 quod
729 1282 1001 1348 postremum
1030 1281 1111 1341 est,
1149 1301 1250 1330 cum
1282 1298 1396 1330 vete·

170 1377 273 1406 rum
303 1359 508 1406 sententia
539 1359 731 1424 quodam
759 1359 893 1408 modo
926 1359 1033 1407 stare
1062 1358 1220 1424 potest,
1269 1359 1396 1424 fiqui·

171 1438 275 1482 dem
304 1454 326 1481 e
360 1434 539 1485 floribus
573 1454 693 1481 cerae
724 1439 939 1497 originem
971 1438 1250 1500 repetendam
1272 1452 1398 1500 puta·

171 1528 290 1569 rent3
318 1515 374 1558 ita
397 1512 517 1575 quod
540 1512 733 1558 medium
754 1513 900 1558 locum
925 1529 1052 1568 tenet,
1092 1511 1216 1559 facile
1238 1510 1398 1559 labefa-

171 1587 312 1636 &atur
342 1605 415 1643 eo,
459 1589 577 1652 quod
610 1606 743 1652 apum
775 1587 861 1635 mel
893 1589 1128 1636 obnoxium
1160 1587 1241 1648 est,
1283 1605 1397 1653 aqua

172 1666 380 1722 dilutum,
420 1665 597 1710 viscidae
630 1662 976 1721 fermentationi,
1017 1682 1127 1729 quae
1155 1667 1201 1710 in
1234 1668 1397 1712 anima-

170 1741 280 1787 lium
299 1757 440 1804 partes
466 1758 555 1786 non
576 1741 696 1786 cadit.
770 1741 853 1788 Sed
873 1743 977 1806 quid
1001 1741 1148 1796 multa,
1178 1739 1250 1788 vbi
1272 1759 1397 1807 expe·

169 1819 371 1864 rientiam
391 1835 416 1862 a
435 1833 632 1862 veterum
664 1817 858 1881 partibus
889 1817 997 1864 stare
1018 1816 1150 1864 fuerit
1170 1816 1398 1865 euiScum?

172 1897 291 1940 Stare
322 1908 480 1947 autem,
517 1911 606 1938 non
639 1895 1112 1940 GERSTENIVS
1143 1894 1290 1952 mod0‚
1322 1893 1396 1941 secl

171 1974 204 2016 B
220 1972 648 2016 OVSSIERIVS-
672 1987 849 2035 quoque
871 1970 1038 2018 docent.
1099 1974 1162 2017 Ac
1183 1969 1396 2036 posterior

170 2045 351 2112 quidem
373 2045 528 2091 sonoro
559 2044 737 2109 strepitu
768 2063 869 2111 apes
891 2049 1002 2093 circa
1022 2046 1180 2093 robora
1201 2048 1396 2105 voiitare,

172 2123 362 2186 indeque
381 2123 470 2168 mel
491 2120 708 2168 roscidum
741 2121 792 2169 ab
824 2120 991 2170 inseffls
1014 2124 1178 2170 editum
1200 2125 1400 2189 deporta·

171 2216 219 2246 re
248 2199 372 2245 vidit:
434 2198 553 2262 quod
588 2214 684 2244 ante
725 2199 1212 2246 BOVSSIERIVM
1260 2218 1284 2246 a
1325 2217 1398 2248 ne-

173 2278 291 2325 mine
313 2275 454 2321 adhuc
478 2273 842 2331 animaduersum,
883 2277 1051 2337 Angius
1085 2275 1211 2340 supra
1232 2293 1399 2324 memo-

1281 2370 1399 2400 ratus

294 2432 528 2462 ARTHVR
557 2432 731 2461 DOBBS
764 2420 850 2474 Esq.
881 2434 917 2460 to
946 2432 1204 2461 CHARLES
1240 2434 1399 2462 §TAN-

301 2488 371 2517 ΗΟ
385 2490 406 2515 Ρ
422 2490 447 2515 ε
476 2477 561 2529 Esq.
593 2476 634 2515 15.
661 2478 706 2515 R.
730 2478 766 2515 S.
796 2481 1003 2532 conccrning
1023 2480 1109 2516 Bees
1127 2478 1198 2515 and
1218 2477 1310 2515 their
1329 2492 1399 2516 me.

299 2532 383 2571 rhod
416 2534 466 2583 of
488 2532 678 2586 gathering
713 2534 815 2571 lVax
852 2535 921 2571 and
948 2536 1094 2581 Homy',
1129 2533 1171 2572 in
1203 2534 1395 2588 Philqsbph.

306 2589 491 2628 Transaet.
525 2600 562 2627 n.
585 2591 681 2641 496.
713 2587 807 2633 Vol.
830 2592 898 2639 46.
926 2601 964 2643 p.
983 2591 1074 2641 536.

829 2661 866 2702 G
