1701 2990
327 229 400 287 16
551 242 1027 284 MISCELLANEA
1061 243 1324 286 MEDICA

683 371 1104 407 OBSERVATIO
1140 359 1201 409 V.

323 428 530 534 Saepius
562 468 838 516 obseruatum
869 468 940 525 est,
980 471 1169 518 celebres
1213 489 1391 536 quoque
1423 471 1557 520 medi-

323 565 409 601 cos,
448 549 525 610 qui
546 543 739 593 difficiles
771 548 875 593 aiios
911 562 952 592 et
982 549 1208 612 perplexos
1242 547 1358 594 casus
1388 549 1557 613 expedi-

321 638 475 670 verant
514 623 784 679 dexterrime,
825 625 869 669 in
899 622 1028 669 rebus
1067 624 1236 671 leuibus
1280 641 1322 671 et
1363 626 1556 689 protritis

322 701 509 764 turpiter
539 696 580 744 se
612 696 789 754 dedisse,
828 697 1081 763 praesertim
1119 717 1260 765 quum
1294 699 1426 746 semel
1458 717 1558 746 con-

322 791 495 840 ceptam
516 777 664 821 animo
687 772 840 821 falsam
861 778 1076 822 rationem
1097 775 1371 823 seffiarentur.
1459 779 1558 836 Ego

321 868 437 899 certe
466 850 658 897 mirabar
687 852 836 912 legens
870 853 987 917 apud
1040 857 1329 899 CELSVM
1374 848 1558 899 Praefat.

321 928 422 975 libri
445 922 482 973 Ἰ.
538 945 643 973 eum
683 927 894 974 morbum
937 941 1104 975 nouum
1147 930 1366 993 appellari,
1413 941 1558 999 quum

321 1011 483 1053 aetate
503 998 595 1064 fita
625 996 883 1074 quaedam,
919 1017 980 1051 ex
1009 996 1311 1052 naturalibus
1335 995 1559 1074 partibus

315 1074 537 1153 prolapsa
568 1092 710 1127 carne
738 1090 786 1127 et
816 1091 996 1140 arente,
1038 1079 1171 1128 intra
1207 1091 1386 1150 paucas
1415 1074 1558 1129 horas

320 1153 667 1227 exspiraueric,
685 1148 791 1220 stc,
831 1167 884 1204 vt
913 1149 1171 1214 nobiliffmzi
1201 1150 1370 1205 medici
1408 1169 1557 1228 neque

319 1247 468 1305 genus
491 1225 622 1290 mali,
652 1246 799 1304 neque
827 1226 1081 1283 remedimn
1109 1232 1392 1282 inuenerint.
1467 1234 1558 1280 Ad·

321 1328 434 1358 eone
457 1309 716 1371 ignorabant
737 1326 833 1357 tum
852 1311 1074 1367 morbum,
1112 1329 1246 1375 quem
1276 1310 1364 1376 ipse
1395 1310 1467 1357 lib.
1479 1314 1556 1358 VI.

322 1406 412 1453 cap.
445 1394 504 1437 18.
555 1404 596 1431 n.
629 1401 691 1432 10.
751 1386 956 1451 exposuit,
1000 1405 1089 1450 quo
1127 1380 1297 1434 vuluae
1342 1390 1557 1434 nimirum

319 1479 369 1513 os
386 1459 612 1532 procidit,
656 1478 698 1509 et
713 1461 892 1510 fiderata
911 1462 984 1510 seu
1006 1462 1245 1528 sphacelata
1272 1463 1338 1524 (id
1359 1467 1477 1510 enim
1498 1462 1559 1510 est

320 1538 495 1603 arens)
535 1541 766 1586 hominem
796 1541 939 1587 tollit?
1015 1543 1125 1600 Quis
1154 1559 1244 1587 non
1273 1540 1452 1605 stupeat,
1483 1540 1558 1588 vbi

322 1620 460 1680 legat,
500 1620 1035 1673 ASCLEPIADEM,
1082 1620 1159 1683 qui
1199 1618 1439 1664 medicinae
1469 1618 1558 1682 pri-

320 1714 422 1744 mus
457 1711 580 1741 antea
615 1692 771 1740 infami
803 1694 932 1741 decus
966 1695 1130 1741 addidit
1154 1699 1332 1750 Romae,
1375 1687 1557 1756 dixiffi’,

316 1763 510 1843 perinde
539 1766 625 1834 effi?
651 1766 934 1840 phreniticis
947 1766 1230 1840 sauguinem
1262 1769 1411 1832 mitti,
1436 1783 1492 1817 ac
1507 1763 1562 1831 fi

320 1839 636 1906 trucidentur,
672 1845 890 1894 referente
922 1851 1144 1895 CELSO
1175 1852 1248 1895 ΠΙ.
1271 1856 1329 1897 18.
1417 1847 1558 1894 Parile

322 1926 429 1991 quid
452 1927 703 1972 inuenimus
726 1925 842 1989 apud
863 1924 1039 1971 Arabes.
1115 1924 1299 1972 Celeber
1334 1924 1405 1971 ille
1427 1927 1558 1972 ME-

322 2008 403 2050 SV
414 2007 450 2049 E
464 2006 490 2049 S
503 2039 513 2058 ,
544 2019 678 2066 quem
689 2002 855 2048 Arabes
876 2001 952 2048 suo
965 2000 1130 2048 Persico
1151 2004 1330 2049 nomine
1353 1983 1558 2065 &ffffivssv

322 2072 578 2142 Nsqstllgjeh
604 2095 678 2125 aut
699 2072 969 2142 Affcfitwclil)
993 2079 1223 2144 appellant,
1264 2081 1558 2139 interrogatur

323 2157 558 2221 aliquando
580 2156 632 2201 ab
655 2155 797 2202 Arabe
819 2156 1010 2219 quodam
1031 2156 1274 2211 baduwino,
1293 2154 1366 2202 seu
1388 2154 1557 2210 scenita,

325 2234 464 2298 qualis
486 2233 557 2279 ille
581 2232 763 2279 morbus
794 2231 852 2288 fit,
891 2250 979 2297 quo
1003 2232 1090 2297 ipse
1114 2231 1339 2294 affligatur.
1456 2234 1567 2283 Sur-v

323 2313 442 2371 genti
464 2307 537 2356 fibi
559 2327 687 2356 mane
711 2308 972 2357 amarescere
995 2327 1055 2365 os,
1088 2310 1269 2370 caligare
1292 2309 1453 2364 oculos,
1486 2307 1558 2353 de·

323 2386 453 2433 ficere
475 2389 687 2442 animum,
722 2404 867 2450 neque
880 2385 1261 2434 semeliushabere
1274 2388 1409 2451 prius,
1424 2400 1558 2449 quam

324 2464 489 2528 aliquid
512 2464 716 2520 deuoret3
758 2479 800 2511 et
820 2462 872 2509 fic
895 2462 1065 2528 semper
1087 2463 1277 2509 accidere
1301 2462 1388 2519 fibi,
1419 2477 1557 2508 vacuo

324 2540 577 2590 ventriculo.
679 2542 797 2589 Huic
844 2539 1076 2609 respondet
1116 2540 1334 2590 medicus:
1389 2554 1560 2588 meram

1463 2630 1562 2664 eam
